asof_time,symbol,table_type,signal_side,level_tag,level_name,direction,status,level_price,zone_low,zone_high,last_price,distance_pips,distance_pips_abs,level_family,level_period,touch_count,first_touch_time,first_cross_time,build_timeframe,entry_timeframe,notes,rank,strength_score,fresh_score,family_score,period_score,distance_score,source_data
2026-03-28 16:32:53.275287+00:00,AUD/JPY,invest,support,M_IB,M IB LOW,long,fresh,109.532,109.532,109.532,110.1885,-65.65,65.65,IB,M,0,,,D1,H4,Anchor 2026-03 | range 2.56200,11,48.15003750937735,3,2,2,0.015003750937734567,fxcm_m30/d1
2026-03-28 16:32:53.275287+00:00,AUD/JPY,invest,support,M_POC,M_POC,long,fresh,109.2005,108.0675,110.1505,110.1885,-98.8,98.8,POC,M,0,,,D1,H4,Profile 2026-02 | close 111.07000,2,53.10020040080273,3,3,2,0.010020040080272756,fxcm_m30
2026-03-28 16:32:53.275287+00:00,AUD/JPY,invest,support,M_IB,M IB -150,long,fresh,105.689,105.689,105.689,110.1885,-449.95,449.95,IB,M,0,,,D1,H4,Anchor 2026-03 | range 2.56200,12,48.022175407473114,3,2,2,0.002217540747311247,fxcm_m30/d1
2026-03-28 16:32:53.295501+00:00,AUD/JPY,invest,support,Y_IB,Y IB LOW,long,fresh,104.566,104.566,104.566,110.1885,-562.25,562.25,IB,Y,0,,,D1,H4,Anchor 2026 | range 6.91250,3,52.017754105636925,3,2,3,0.0017754105636928533,fxcm_m30/d1
2026-03-28 16:32:53.275287+00:00,AUD/JPY,invest,resistance,M_IB,M IB 150,short,fresh,115.937,115.937,115.937,110.1885,574.85,574.85,IB,M,0,,,D1,H4,Anchor 2026-03 | range 2.56200,13,48.01736563341148,3,2,2,0.0017365633411478793,fxcm_m30/d1
2026-03-28 16:32:53.275287+00:00,AUD/JPY,invest,support,M_IB,M IB -200,long,fresh,104.408,104.408,104.408,110.1885,-578.05,578.05,IB,M,0,,,D1,H4,Anchor 2026-03 | range 2.56200,14,48.01726966583197,3,2,2,0.0017269665831966268,fxcm_m30/d1
2026-03-28 16:32:53.275287+00:00,AUD/JPY,invest,resistance,M_IB,M IB 200,short,fresh,117.218,117.218,117.218,110.1885,702.95,702.95,IB,M,0,,,D1,H4,Anchor 2026-03 | range 2.56200,15,48.014205554371756,3,2,2,0.0014205554371759447,fxcm_m30/d1
2026-03-28 16:32:53.289454+00:00,AUD/JPY,invest,support,M_IB,M IB -300,long,fresh,101.846,101.846,101.846,110.1885,-834.25,834.25,IB,M,0,,,D1,H4,Anchor 2026-03 | range 2.56200,16,48.01197246333433,3,2,2,0.0011972463334331118,fxcm_m30/d1
2026-03-28 16:32:53.286285+00:00,AUD/JPY,invest,resistance,M_IB,M IB 300,short,fresh,119.78,119.78,119.78,110.1885,959.15,959.15,IB,M,0,,,D1,H4,Anchor 2026-03 | range 2.56200,17,48.010415039316776,3,2,2,0.0010415039316773486,fxcm_m30/d1
2026-03-28 16:32:53.295501+00:00,AUD/JPY,invest,resistance,Y_IB,Y IB 150,short,fresh,121.84725,121.84725,121.84725,110.1885,1165.87,1165.87,IB,Y,0,,,D1,H4,Anchor 2026 | range 6.91250,4,52.00856989823246,3,2,3,0.0008569898232458501,fxcm_m30/d1
2026-03-28 16:32:53.289454+00:00,AUD/JPY,invest,support,Y_POC,Y_POC,long,fresh,97.8305,95.1355,101.0395,110.1885,-1235.8,1235.8,POC,Y,0,,,D1,H4,Profile 2025 | close 104.67750,1,57.008085381630025,3,3,3,0.0008085381630023636,fxcm_m30
2026-03-28 16:32:53.295501+00:00,AUD/JPY,invest,resistance,Y_IB,Y IB 200,short,fresh,125.3035,125.3035,125.3035,110.1885,1511.5,1511.5,IB,Y,0,,,D1,H4,Anchor 2026 | range 6.91250,5,52.006611570247934,3,2,3,0.0006611570247933893,fxcm_m30/d1
2026-03-28 16:32:53.295501+00:00,AUD/JPY,invest,support,Y_IB,Y IB -150,long,fresh,94.19725,94.19725,94.19725,110.1885,-1599.12,1599.12,IB,Y,0,,,D1,H4,Anchor 2026 | range 6.91250,6,52.00624951175689,3,2,3,0.0006249511756893996,fxcm_m30/d1
2026-03-28 16:32:53.295501+00:00,AUD/JPY,invest,support,Y_IB,Y IB -200,long,fresh,90.741,90.741,90.741,110.1885,-1944.75,1944.75,IB,Y,0,,,D1,H4,Anchor 2026 | range 6.91250,7,52.00513940639856,3,2,3,0.0005139406398560969,fxcm_m30/d1
2026-03-28 16:32:53.303027+00:00,AUD/JPY,invest,resistance,Y_IB,Y IB 300,short,fresh,132.216,132.216,132.216,110.1885,2202.75,2202.75,IB,Y,0,,,D1,H4,Anchor 2026 | range 6.91250,8,52.004537719795806,3,2,3,0.0004537719795802615,fxcm_m30/d1
2026-03-28 16:32:53.303027+00:00,AUD/JPY,invest,support,Y_IB,Y IB -300,long,fresh,83.8285,83.8285,83.8285,110.1885,-2636.0,2636.0,IB,Y,0,,,D1,H4,Anchor 2026 | range 6.91250,9,52.00379218809253,3,2,3,0.00037921880925293914,fxcm_m30/d1
2026-03-28 16:32:53.289454+00:00,AUD/JPY,invest,resistance,Y_IB,Y IB HIGH,short,crossed,111.4785,111.4785,111.4785,110.1885,129.0,129.0,IB,Y,49,2026-03-02T14:30:00+00:00,2026-03-02T15:00:00+00:00,D1,H4,Anchor 2026 | range 6.91250,18,22.076923076923077,0,2,3,0.00769230769230774,fxcm_m30/d1
2026-03-28 16:32:53.275287+00:00,AUD/JPY,invest,resistance,M_IB,M IB HIGH,short,crossed,112.094,112.094,112.094,110.1885,190.55,190.55,IB,M,27,2026-03-10T09:30:00+00:00,2026-03-10T09:30:00+00:00,D1,H4,Anchor 2026-03 | range 2.56200,19,18.052205690420255,0,2,2,0.00522056904202561,fxcm_m30/d1
2026-03-28 16:32:45.360610+00:00,AUD/USD,invest,support,M_IB,M IB -150,long,fresh,0.66762,0.66762,0.66762,0.68736,-197.4,197.4,IB,M,0,,,D1,H4,Anchor 2026-03 | range 0.01786,9,48.05040322580645,3,2,2,0.005040322580645167,fxcm_m30/d1
2026-03-28 16:32:45.376052+00:00,AUD/USD,invest,support,Y_IB,Y IB LOW,long,fresh,0.66629,0.66629,0.66629,0.68736,-210.75,210.75,IB,Y,0,,,D1,H4,Anchor 2026 | range 0.04842,2,52.04722550177096,3,2,3,0.004722550177095642,fxcm_m30/d1
2026-03-28 16:32:45.360610+00:00,AUD/USD,invest,support,M_IB,M IB -200,long,fresh,0.6587,0.6587,0.6587,0.68736,-286.7,286.7,IB,M,0,,,D1,H4,Anchor 2026-03 | range 0.01786,10,48.03475842891901,3,2,2,0.0034758428919012896,fxcm_m30/d1
2026-03-28 16:32:45.360610+00:00,AUD/USD,invest,support,Y_POC,Y_POC,long,fresh,0.65235,0.64425,0.65995,0.68736,-350.15,350.15,POC,Y,0,,,D1,H4,Profile 2025 | close 0.66732,1,57.028477858465045,3,3,3,0.0028477858465042515,fxcm_m30
2026-03-28 16:32:45.360610+00:00,AUD/USD,invest,support,M_IB,M IB -300,long,fresh,0.64084,0.64084,0.64084,0.68736,-465.3,465.3,IB,M,0,,,D1,H4,Anchor 2026-03 | range 0.01786,11,48.02144542140253,3,2,2,0.002144542140253058,fxcm_m30/d1
2026-03-28 16:32:45.360610+00:00,AUD/USD,invest,resistance,M_IB,M IB 150,short,fresh,0.73906,0.73906,0.73906,0.68736,517.0,517.0,IB,M,0,,,D1,H4,Anchor 2026-03 | range 0.01786,12,48.01930501930502,3,2,2,0.0019305019305019318,fxcm_m30/d1
2026-03-28 16:32:45.360610+00:00,AUD/USD,invest,resistance,M_IB,M IB 200,short,fresh,0.748,0.748,0.748,0.68736,606.3,606.3,IB,M,0,,,D1,H4,Anchor 2026-03 | range 0.01786,13,48.01646632636259,3,2,2,0.0016466326362588517,fxcm_m30/d1
2026-03-28 16:32:45.360610+00:00,AUD/USD,invest,resistance,M_IB,M IB 300,short,fresh,0.76586,0.76586,0.76586,0.68736,784.9,784.9,IB,M,0,,,D1,H4,Anchor 2026-03 | range 0.01786,14,48.01272426517369,3,2,2,0.0012724265173686229,fxcm_m30/d1
2026-03-28 16:32:45.376052+00:00,AUD/USD,invest,support,Y_IB,Y IB -150,long,fresh,0.59365,0.59365,0.59365,0.68736,-937.12,937.12,IB,Y,0,,,D1,H4,Anchor 2026 | range 0.04842,3,52.010659560293135,3,2,3,0.0010659560293137923,fxcm_m30/d1
2026-03-28 16:32:45.376052+00:00,AUD/USD,invest,resistance,Y_IB,Y IB 150,short,fresh,0.78735,0.78735,0.78735,0.68736,999.87,999.87,IB,Y,0,,,D1,H4,Anchor 2026 | range 0.04842,4,52.00999125764956,3,2,3,0.000999125764955665,fxcm_m30/d1
2026-03-28 16:32:45.383418+00:00,AUD/USD,invest,support,Y_IB,Y IB -200,long,fresh,0.56944,0.56944,0.56944,0.68736,-1179.25,1179.25,IB,Y,0,,,D1,H4,Anchor 2026 | range 0.04842,5,52.00847278119043,3,2,3,0.0008472781190425768,fxcm_m30/d1
2026-03-28 16:32:45.383418+00:00,AUD/USD,invest,resistance,Y_IB,Y IB 200,short,fresh,0.81156,0.81156,0.81156,0.68736,1242.0,1242.0,IB,Y,0,,,D1,H4,Anchor 2026 | range 0.04842,6,52.00804505229284,3,2,3,0.0008045052292839913,fxcm_m30/d1
2026-03-28 16:32:45.383418+00:00,AUD/USD,invest,support,Y_IB,Y IB -300,long,fresh,0.52102,0.52102,0.52102,0.68736,-1663.5,1663.5,IB,Y,0,,,D1,H4,Anchor 2026 | range 0.04842,7,52.0060078101532,3,2,3,0.0006007810153199167,fxcm_m30/d1
2026-03-28 16:32:45.383418+00:00,AUD/USD,invest,resistance,Y_IB,Y IB 300,short,fresh,0.85999,0.85999,0.85999,0.68736,1726.25,1726.25,IB,Y,0,,,D1,H4,Anchor 2026 | range 0.04842,8,52.0057895498625,3,2,3,0.0005789549862498198,fxcm_m30/d1
2026-03-28 16:32:45.360610+00:00,AUD/USD,invest,resistance,M_IB,M IB LOW,short,crossed,0.69442,0.69442,0.69442,0.68736,70.5,70.5,IB,M,16,2026-03-23T09:30:00+00:00,2026-03-23T09:30:00+00:00,D1,H4,Anchor 2026-03 | range 0.01786,18,18.13986013986014,0,2,2,0.013986013986013986,fxcm_m30/d1
2026-03-28 16:32:45.358651+00:00,AUD/USD,invest,resistance,M_POC,M_POC,short,crossed,0.70735,0.70195,0.71305,0.68736,199.85,199.85,POC,M,69,2026-03-01T18:00:00+00:00,2026-03-02T00:30:00+00:00,D1,H4,Profile 2026-02 | close 0.71138,15,23.04978839930297,0,3,2,0.004978839930296729,fxcm_m30
2026-03-28 16:32:45.360610+00:00,AUD/USD,invest,resistance,M_IB,M IB HIGH,short,crossed,0.71228,0.71228,0.71228,0.68736,249.1,249.1,IB,M,15,2026-03-10T11:30:00+00:00,2026-03-10T13:00:00+00:00,D1,H4,Anchor 2026-03 | range 0.01786,19,18.03998400639744,0,2,2,0.003998400639744105,fxcm_m30/d1
2026-03-28 16:32:45.376052+00:00,AUD/USD,invest,resistance,Y_IB,Y IB HIGH,short,crossed,0.71472,0.71472,0.71472,0.68736,273.5,273.5,IB,Y,23,2026-03-10T14:30:00+00:00,2026-03-10T16:00:00+00:00,D1,H4,Anchor 2026 | range 0.04842,16,22.036429872495447,0,2,3,0.0036429872495446288,fxcm_m30/d1
2026-03-28 16:32:54.326877+00:00,CAD/JPY,invest,support,M_IB,M IB LOW,long,fresh,114.0345,114.0345,114.0345,115.39,-135.55,135.55,IB,M,0,,,D1,H4,Anchor 2026-03 | range 1.68500,9,48.07323324789454,3,2,2,0.007323324789454454,fxcm_m30/d1
2026-03-28 16:32:54.326877+00:00,CAD/JPY,invest,resistance,M_IB,M IB 150,short,fresh,118.247,118.247,118.247,115.39,285.7,285.7,IB,M,0,,,D1,H4,Anchor 2026-03 | range 1.68500,10,48.034879665155216,3,2,2,0.003487966515521469,fxcm_m30/d1
2026-03-28 16:32:54.343418+00:00,CAD/JPY,invest,support,Y_IB,Y IB LOW,long,fresh,111.7305,111.7305,111.7305,115.39,-365.95,365.95,IB,Y,0,,,D1,H4,Anchor 2026 | range 3.70450,2,52.027251669164734,3,2,3,0.0027251669164736385,fxcm_m30/d1
2026-03-28 16:32:54.330938+00:00,CAD/JPY,invest,resistance,M_IB,M IB 200,short,fresh,119.0895,119.0895,119.0895,115.39,369.95,369.95,IB,M,0,,,D1,H4,Anchor 2026-03 | range 1.68500,11,48.026957811025746,3,2,2,0.0026957811025744914,fxcm_m30/d1
2026-03-28 16:32:54.330938+00:00,CAD/JPY,invest,support,M_IB,M IB -150,long,fresh,111.507,111.507,111.507,115.39,-388.3,388.3,IB,M,0,,,D1,H4,Anchor 2026-03 | range 1.68500,12,48.02568713074749,3,2,2,0.0025687130747495722,fxcm_m30/d1
2026-03-28 16:32:54.335115+00:00,CAD/JPY,invest,support,M_IB,M IB -200,long,fresh,110.6645,110.6645,110.6645,115.39,-472.55,472.55,IB,M,0,,,D1,H4,Anchor 2026-03 | range 1.68500,13,48.021117094287824,3,2,2,0.002111709428782614,fxcm_m30/d1
2026-03-28 16:32:54.335115+00:00,CAD/JPY,invest,resistance,M_IB,M IB 300,short,fresh,120.7745,120.7745,120.7745,115.39,538.45,538.45,IB,M,0,,,D1,H4,Anchor 2026-03 | range 1.68500,14,48.01853739920289,3,2,2,0.0018537399202891974,fxcm_m30/d1
2026-03-28 16:32:54.343418+00:00,CAD/JPY,invest,resistance,Y_IB,Y IB 150,short,fresh,120.99175,120.99175,120.99175,115.39,560.17,560.17,IB,Y,0,,,D1,H4,Anchor 2026 | range 3.70450,3,52.01781975319642,3,2,3,0.0017819753196418246,fxcm_m30/d1
2026-03-28 16:32:54.335115+00:00,CAD/JPY,invest,support,M_IB,M IB -300,long,fresh,108.9795,108.9795,108.9795,115.39,-641.05,641.05,IB,M,0,,,D1,H4,Anchor 2026-03 | range 1.68500,15,48.01557511097266,3,2,2,0.0015575110972665786,fxcm_m30/d1
2026-03-28 16:32:54.343418+00:00,CAD/JPY,invest,resistance,Y_IB,Y IB 200,short,fresh,122.844,122.844,122.844,115.39,745.4,745.4,IB,Y,0,,,D1,H4,Anchor 2026 | range 3.70450,4,52.01339764201501,3,2,3,0.0013397642015005372,fxcm_m30/d1
2026-03-28 16:32:54.335115+00:00,CAD/JPY,invest,support,Y_POC,Y_POC,long,fresh,106.8695,106.0185,109.9205,115.39,-852.05,852.05,POC,Y,0,,,D1,H4,Profile 2025 | close 114.33750,1,57.01172264228358,3,3,3,0.0011722642283581695,fxcm_m30
2026-03-28 16:32:54.343418+00:00,CAD/JPY,invest,support,Y_IB,Y IB -150,long,fresh,106.17375,106.17375,106.17375,115.39,-921.62,921.62,IB,Y,0,,,D1,H4,Anchor 2026 | range 3.70450,5,52.01083863975071,3,2,3,0.00108386397507113,fxcm_m30/d1
2026-03-28 16:32:54.343418+00:00,CAD/JPY,invest,support,Y_IB,Y IB -200,long,fresh,104.3215,104.3215,104.3215,115.39,-1106.85,1106.85,IB,Y,0,,,D1,H4,Anchor 2026 | range 3.70450,6,52.00902649275624,3,2,3,0.0009026492756239575,fxcm_m30/d1
2026-03-28 16:32:54.343418+00:00,CAD/JPY,invest,resistance,Y_IB,Y IB 300,short,fresh,126.5485,126.5485,126.5485,115.39,1115.85,1115.85,IB,Y,0,,,D1,H4,Anchor 2026 | range 3.70450,7,52.008953753861306,3,2,3,0.000895375386130636,fxcm_m30/d1
2026-03-28 16:32:54.351546+00:00,CAD/JPY,invest,support,Y_IB,Y IB -300,long,fresh,100.617,100.617,100.617,115.39,-1477.3,1477.3,IB,Y,0,,,D1,H4,Anchor 2026 | range 3.70450,8,52.00676452682135,3,2,3,0.0006764526821348855,fxcm_m30/d1
2026-03-28 16:32:54.335115+00:00,CAD/JPY,invest,resistance,Y_IB,Y IB HIGH,short,crossed,115.435,115.435,115.435,115.39,4.5,4.5,IB,Y,78,2026-03-03T16:30:00+00:00,2026-03-03T18:00:00+00:00,D1,H4,Anchor 2026 | range 3.70450,17,23.818181818181763,0,2,3,0.1818181818181762,fxcm_m30/d1
2026-03-28 16:32:54.326877+00:00,CAD/JPY,invest,resistance,M_IB,M IB HIGH,short,crossed,115.7195,115.7195,115.7195,115.39,32.95,32.95,IB,M,20,2026-03-06T15:00:00+00:00,2026-03-06T15:00:00+00:00,D1,H4,Anchor 2026-03 | range 1.68500,19,18.29455081001473,0,2,2,0.02945508100147311,fxcm_m30/d1
2026-03-28 16:32:54.322558+00:00,CAD/JPY,invest,support,M_POC,M_POC,long,crossed,114.7625,112.9845,114.9685,115.39,-62.75,62.75,POC,M,6,2026-03-02T05:00:00+00:00,2026-03-02T05:00:00+00:00,D1,H4,Profile 2026-02 | close 114.39100,18,23.15686274510155,0,3,2,0.015686274510155047,fxcm_m30
2026-03-28 16:32:55.503637+00:00,CHF/JPY,invest,support,Y_IB,Y IB LOW,long,fresh,196.089,196.089,196.089,200.587,-449.8,449.8,IB,Y,0,,,D1,H4,Anchor 2026 | range 7.58000,2,52.02218278615794,3,2,3,0.0022182786157941485,fxcm_m30/d1
2026-03-28 16:32:55.488822+00:00,CHF/JPY,invest,support,M_IB,M IB -150,long,fresh,195.0285,195.0285,195.0285,200.587,-555.85,555.85,IB,M,0,,,D1,H4,Anchor 2026-03 | range 3.59600,9,48.01795815749304,3,2,2,0.0017958157493041275,fxcm_m30/d1
2026-03-28 16:32:55.495474+00:00,CHF/JPY,invest,support,M_IB,M IB -200,long,fresh,193.2305,193.2305,193.2305,200.587,-735.65,735.65,IB,M,0,,,D1,H4,Anchor 2026-03 | range 3.59600,10,48.01357496775945,3,2,2,0.0013574967759451603,fxcm_m30/d1
2026-03-28 16:32:55.488822+00:00,CHF/JPY,invest,resistance,M_IB,M IB 150,short,fresh,209.4125,209.4125,209.4125,200.587,882.55,882.55,IB,M,0,,,D1,H4,Anchor 2026-03 | range 3.59600,11,48.01131797860902,3,2,2,0.0011317978609020386,fxcm_m30/d1
2026-03-28 16:32:55.495474+00:00,CHF/JPY,invest,resistance,M_IB,M IB 200,short,fresh,211.2105,211.2105,211.2105,200.587,1062.35,1062.35,IB,M,0,,,D1,H4,Anchor 2026-03 | range 3.59600,12,48.00940424131283,3,2,2,0.0009404241312832056,fxcm_m30/d1
2026-03-28 16:32:55.495474+00:00,CHF/JPY,invest,support,M_IB,M IB -300,long,fresh,189.6345,189.6345,189.6345,200.587,-1095.25,1095.25,IB,M,0,,,D1,H4,Anchor 2026-03 | range 3.59600,13,48.00912200684151,3,2,2,0.0009122006841505143,fxcm_m30/d1
2026-03-28 16:32:55.495474+00:00,CHF/JPY,invest,resistance,M_IB,M IB 300,short,fresh,214.8065,214.8065,214.8065,200.587,1421.95,1421.95,IB,M,0,,,D1,H4,Anchor 2026-03 | range 3.59600,14,48.00702765381777,3,2,2,0.0007027653817772917,fxcm_m30/d1
2026-03-28 16:32:55.503637+00:00,CHF/JPY,invest,resistance,Y_IB,Y IB 150,short,fresh,215.039,215.039,215.039,200.587,1445.2,1445.2,IB,Y,0,,,D1,H4,Anchor 2026 | range 7.58000,3,52.00691467293597,3,2,3,0.0006914672935970144,fxcm_m30/d1
2026-03-28 16:32:55.503637+00:00,CHF/JPY,invest,support,Y_IB,Y IB -150,long,fresh,184.719,184.719,184.719,200.587,-1586.8,1586.8,IB,Y,0,,,D1,H4,Anchor 2026 | range 7.58000,4,52.00629802242096,3,2,3,0.0006298022420959832,fxcm_m30/d1
2026-03-28 16:32:55.495474+00:00,CHF/JPY,invest,support,Y_POC,Y_POC,long,fresh,183.4515,181.5045,192.9565,200.587,-1713.55,1713.55,POC,Y,0,,,D1,H4,Profile 2025 | close 197.75450,1,57.0058324341664,3,3,3,0.0005832434166402564,fxcm_m30
2026-03-28 16:32:55.503637+00:00,CHF/JPY,invest,resistance,Y_IB,Y IB 200,short,fresh,218.829,218.829,218.829,200.587,1824.2,1824.2,IB,Y,0,,,D1,H4,Anchor 2026 | range 7.58000,5,52.005478851632695,3,2,3,0.0005478851632697798,fxcm_m30/d1
2026-03-28 16:32:55.511732+00:00,CHF/JPY,invest,support,Y_IB,Y IB -200,long,fresh,180.929,180.929,180.929,200.587,-1965.8,1965.8,IB,Y,0,,,D1,H4,Anchor 2026 | range 7.58000,6,52.00508440105756,3,2,3,0.0005084401057555431,fxcm_m30/d1
2026-03-28 16:32:55.511732+00:00,CHF/JPY,invest,resistance,Y_IB,Y IB 300,short,fresh,226.409,226.409,226.409,200.587,2582.2,2582.2,IB,Y,0,,,D1,H4,Anchor 2026 | range 7.58000,7,52.00387116754413,3,2,3,0.00038711675441313186,fxcm_m30/d1
2026-03-28 16:32:55.511732+00:00,CHF/JPY,invest,support,Y_IB,Y IB -300,long,fresh,173.349,173.349,173.349,200.587,-2723.8,2723.8,IB,Y,0,,,D1,H4,Anchor 2026 | range 7.58000,8,52.00366999412801,3,2,3,0.0003669994128009403,fxcm_m30/d1
2026-03-28 16:32:55.488822+00:00,CHF/JPY,invest,resistance,M_IB,M IB HIGH,short,tested,204.0185,204.0185,204.0185,200.587,343.15,343.15,IB,M,1,2026-03-11T09:00:00+00:00,,D1,H4,Anchor 2026-03 | range 3.59600,15,28.02905709719599,1,2,2,0.0029057097195989883,fxcm_m30/d1
2026-03-28 16:32:55.488822+00:00,CHF/JPY,invest,support,M_IB,M IB LOW,long,crossed,200.4225,200.4225,200.4225,200.587,-16.45,16.45,IB,M,11,2026-03-19T09:30:00+00:00,2026-03-19T10:00:00+00:00,D1,H4,Anchor 2026-03 | range 3.59600,19,18.57306590257888,0,2,2,0.05730659025788772,fxcm_m30/d1
2026-03-28 16:32:55.475240+00:00,CHF/JPY,invest,support,M_POC,M_POC,long,crossed,200.0075,198.3055,201.7355,200.587,-57.95,57.95,POC,M,11,2026-03-19T11:00:00+00:00,2026-03-19T11:00:00+00:00,D1,H4,Profile 2026-02 | close 202.84500,16,23.16963528414234,0,3,2,0.016963528414234087,fxcm_m30
2026-03-28 16:32:55.503637+00:00,CHF/JPY,invest,resistance,Y_IB,Y IB HIGH,short,crossed,203.669,203.669,203.669,200.587,308.2,308.2,IB,Y,18,2026-03-02T04:30:00+00:00,2026-03-02T04:30:00+00:00,D1,H4,Anchor 2026 | range 7.58000,17,22.032341526520053,0,2,3,0.0032341526520051813,fxcm_m30/d1
2026-03-28 16:32:51.323578+00:00,EUR/CHF,invest,resistance,M_IB,M IB 150,short,fresh,0.93002,0.93002,0.93002,0.91968,103.5,103.5,IB,M,0,,,D1,H4,Anchor 2026-03 | range 0.01129,8,48.09569377990431,3,2,2,0.00956937799043065,fxcm_m30/d1
2026-03-28 16:32:51.328677+00:00,EUR/CHF,invest,resistance,Y_IB,Y IB HIGH,short,fresh,0.935,0.935,0.935,0.91968,153.2,153.2,IB,Y,0,,,D1,H4,Anchor 2026 | range 0.03321,1,52.06485084306096,3,2,3,0.00648508430609598,fxcm_m30/d1
2026-03-28 16:32:51.326893+00:00,EUR/CHF,invest,resistance,M_IB,M IB 200,short,fresh,0.93567,0.93567,0.93567,0.91968,159.95,159.95,IB,M,0,,,D1,H4,Anchor 2026-03 | range 0.01129,9,48.062131096613854,3,2,2,0.00621310966138553,fxcm_m30/d1
2026-03-28 16:32:51.328677+00:00,EUR/CHF,invest,resistance,M_IB,M IB 300,short,fresh,0.94696,0.94696,0.94696,0.91968,272.85,272.85,IB,M,0,,,D1,H4,Anchor 2026-03 | range 0.01129,10,48.03651634106262,3,2,2,0.003651634106262552,fxcm_m30/d1
2026-03-28 16:32:51.323578+00:00,EUR/CHF,invest,support,M_IB,M IB -150,long,fresh,0.88486,0.88486,0.88486,0.91968,-348.1,348.1,IB,M,0,,,D1,H4,Anchor 2026-03 | range 0.01129,11,48.028645087367515,3,2,2,0.0028645087367516375,fxcm_m30/d1
2026-03-28 16:32:51.328677+00:00,EUR/CHF,invest,support,M_IB,M IB -200,long,fresh,0.87922,0.87922,0.87922,0.91968,-404.55,404.55,IB,M,0,,,D1,H4,Anchor 2026-03 | range 0.01129,12,48.02465787202564,3,2,2,0.002465787202564411,fxcm_m30/d1
2026-03-28 16:32:51.328677+00:00,EUR/CHF,invest,support,M_IB,M IB -300,long,fresh,0.86793,0.86793,0.86793,0.91968,-517.45,517.45,IB,M,0,,,D1,H4,Anchor 2026-03 | range 0.01129,13,48.01928826309191,3,2,2,0.0019288263091908518,fxcm_m30/d1
2026-03-28 16:32:51.336843+00:00,EUR/CHF,invest,resistance,Y_IB,Y IB 150,short,fresh,0.9848,0.9848,0.9848,0.91968,651.28,651.28,IB,Y,0,,,D1,H4,Anchor 2026 | range 0.03321,2,52.01533095703499,3,2,3,0.001533095703499291,fxcm_m30/d1
2026-03-28 16:32:51.336843+00:00,EUR/CHF,invest,support,Y_IB,Y IB -150,long,fresh,0.85198,0.85198,0.85198,0.91968,-676.93,676.93,IB,Y,0,,,D1,H4,Anchor 2026 | range 0.03321,3,52.014750894272964,3,2,3,0.0014750894272965265,fxcm_m30/d1
2026-03-28 16:32:51.336843+00:00,EUR/CHF,invest,resistance,Y_IB,Y IB 200,short,fresh,1.00141,1.00141,1.00141,0.91968,817.3,817.3,IB,Y,0,,,D1,H4,Anchor 2026 | range 0.03321,4,52.012220457045096,3,2,3,0.0012220457045093475,fxcm_m30/d1
2026-03-28 16:32:51.336843+00:00,EUR/CHF,invest,support,Y_IB,Y IB -200,long,fresh,0.83538,0.83538,0.83538,0.91968,-842.95,842.95,IB,Y,0,,,D1,H4,Anchor 2026 | range 0.03321,5,52.01184904318976,3,2,3,0.0011849043189762411,fxcm_m30/d1
2026-03-28 16:32:51.345318+00:00,EUR/CHF,invest,resistance,Y_IB,Y IB 300,short,fresh,1.03461,1.03461,1.03461,0.91968,1149.35,1149.35,IB,Y,0,,,D1,H4,Anchor 2026 | range 0.03321,6,52.00869300647629,3,2,3,0.0008693006476289809,fxcm_m30/d1
2026-03-28 16:32:51.345318+00:00,EUR/CHF,invest,support,Y_IB,Y IB -300,long,fresh,0.80217,0.80217,0.80217,0.91968,-1175.0,1175.0,IB,Y,0,,,D1,H4,Anchor 2026 | range 0.03321,7,52.00850340136054,3,2,3,0.0008503401360544207,fxcm_m30/d1
2026-03-28 16:32:51.309937+00:00,EUR/CHF,invest,support,M_POC,M_POC,long,crossed,0.91315,0.91075,0.91635,0.91968,-65.25,65.25,POC,M,47,2026-03-19T16:00:00+00:00,2026-03-19T16:30:00+00:00,D1,H4,Profile 2026-02 | close 0.90884,15,23.1509433962264,0,3,2,0.015094339622639731,fxcm_m30
2026-03-28 16:32:51.320629+00:00,EUR/CHF,invest,support,M_IB,M IB HIGH,long,crossed,0.91309,0.91309,0.91309,0.91968,-65.85,65.85,IB,M,48,2026-03-19T16:00:00+00:00,2026-03-19T16:30:00+00:00,D1,H4,Anchor 2026-03 | range 0.01129,18,18.149588631264024,0,2,2,0.01495886312640225,fxcm_m30/d1
2026-03-28 16:32:51.328677+00:00,EUR/CHF,invest,resistance,Y_POC,Y_POC,short,crossed,0.93465,0.92825,0.93695,0.91968,149.75,149.75,POC,Y,3,2026-01-14T09:00:00+00:00,2026-01-14T09:00:00+00:00,D1,H4,Profile 2025 | close 0.93118,14,27.066334991708136,0,3,3,0.006633499170813403,fxcm_m30
2026-03-28 16:32:51.320629+00:00,EUR/CHF,invest,support,M_IB,M IB LOW,long,crossed,0.9018,0.9018,0.9018,0.91968,-178.75,178.75,IB,M,13,2026-03-06T15:00:00+00:00,2026-03-06T17:00:00+00:00,D1,H4,Anchor 2026-03 | range 0.01129,19,18.055632823365787,0,2,2,0.005563282336578555,fxcm_m30/d1
2026-03-28 16:32:51.336843+00:00,EUR/CHF,invest,support,Y_IB,Y IB LOW,long,crossed,0.90179,0.90179,0.90179,0.91968,-178.85,178.85,IB,Y,14,2026-03-06T15:00:00+00:00,2026-03-06T17:00:00+00:00,D1,H4,Anchor 2026 | range 0.03321,16,22.055601890464274,0,2,3,0.005560189046427567,fxcm_m30/d1
2026-03-28 16:32:48.122876+00:00,EUR/GBP,invest,resistance,M_IB,M IB HIGH,short,fresh,0.87876,0.87876,0.87876,0.8679,108.55,108.55,IB,M,0,,,D1,H4,Anchor 2026-03 | range 0.01032,8,48.09128251939754,3,2,2,0.009128251939753581,fxcm_m30/d1
2026-03-28 16:32:48.137897+00:00,EUR/GBP,invest,resistance,Y_IB,Y IB HIGH,short,fresh,0.87893,0.87893,0.87893,0.8679,110.3,110.3,IB,Y,0,,,D1,H4,Anchor 2026 | range 0.01771,1,52.08984725965858,3,2,3,0.008984725965858054,fxcm_m30/d1
2026-03-28 16:32:48.124513+00:00,EUR/GBP,invest,support,M_IB,M IB -150,long,fresh,0.85296,0.85296,0.85296,0.8679,-149.45,149.45,IB,M,0,,,D1,H4,Anchor 2026-03 | range 0.01032,9,48.06646726487205,3,2,2,0.006646726487205156,fxcm_m30/d1
2026-03-28 16:32:48.129808+00:00,EUR/GBP,invest,support,M_IB,M IB -200,long,fresh,0.8478,0.8478,0.8478,0.8679,-201.05,201.05,IB,M,0,,,D1,H4,Anchor 2026-03 | range 0.01032,10,48.04949269982678,3,2,2,0.004949269982677627,fxcm_m30/d1
2026-03-28 16:32:48.124513+00:00,EUR/GBP,invest,resistance,M_IB,M IB 150,short,fresh,0.89423,0.89423,0.89423,0.8679,263.35,263.35,IB,M,0,,,D1,H4,Anchor 2026-03 | range 0.01032,11,48.03782863627766,3,2,2,0.0037828636277662513,fxcm_m30/d1
2026-03-28 16:32:48.129808+00:00,EUR/GBP,invest,support,M_IB,M IB -300,long,fresh,0.83748,0.83748,0.83748,0.8679,-304.25,304.25,IB,M,0,,,D1,H4,Anchor 2026-03 | range 0.01032,12,48.03276003276003,3,2,2,0.00327600327600332,fxcm_m30/d1
2026-03-28 16:32:48.129808+00:00,EUR/GBP,invest,resistance,M_IB,M IB 200,short,fresh,0.89939,0.89939,0.89939,0.8679,314.95,314.95,IB,M,0,,,D1,H4,Anchor 2026-03 | range 0.01032,13,48.03165057762304,3,2,2,0.0031650577623041905,fxcm_m30/d1
2026-03-28 16:32:48.144116+00:00,EUR/GBP,invest,support,Y_IB,Y IB -150,long,fresh,0.83465,0.83465,0.83465,0.8679,-332.45,332.45,IB,Y,0,,,D1,H4,Anchor 2026 | range 0.01771,2,52.02998950367371,3,2,3,0.002998950367371413,fxcm_m30/d1
2026-03-28 16:32:48.137897+00:00,EUR/GBP,invest,resistance,Y_IB,Y IB 150,short,fresh,0.9055,0.9055,0.9055,0.8679,375.95,375.95,IB,Y,0,,,D1,H4,Anchor 2026 | range 0.01771,3,52.02652871733652,3,2,3,0.002652871733651683,fxcm_m30/d1
2026-03-28 16:32:48.129808+00:00,EUR/GBP,invest,resistance,M_IB,M IB 300,short,fresh,0.90971,0.90971,0.90971,0.8679,418.15,418.15,IB,M,0,,,D1,H4,Anchor 2026-03 | range 0.01032,14,48.02385780746749,3,2,2,0.0023857807467493964,fxcm_m30/d1
2026-03-28 16:32:48.144116+00:00,EUR/GBP,invest,support,Y_IB,Y IB -200,long,fresh,0.8258,0.8258,0.8258,0.8679,-421.0,421.0,IB,Y,0,,,D1,H4,Anchor 2026 | range 0.01771,4,52.023696682464454,3,2,3,0.0023696682464454965,fxcm_m30/d1
2026-03-28 16:32:48.144116+00:00,EUR/GBP,invest,resistance,Y_IB,Y IB 200,short,fresh,0.91435,0.91435,0.91435,0.8679,464.5,464.5,IB,Y,0,,,D1,H4,Anchor 2026 | range 0.01771,5,52.02148227712137,3,2,3,0.002148227712137487,fxcm_m30/d1
2026-03-28 16:32:48.144116+00:00,EUR/GBP,invest,support,Y_IB,Y IB -300,long,fresh,0.80809,0.80809,0.80809,0.8679,-598.1,598.1,IB,Y,0,,,D1,H4,Anchor 2026 | range 0.01771,6,52.016691704223,3,2,3,0.001669170422300116,fxcm_m30/d1
2026-03-28 16:32:48.144116+00:00,EUR/GBP,invest,resistance,Y_IB,Y IB 300,short,fresh,0.93206,0.93206,0.93206,0.8679,641.6,641.6,IB,Y,0,,,D1,H4,Anchor 2026 | range 0.01771,7,52.01556178026766,3,2,3,0.0015561780267662622,fxcm_m30/d1
2026-03-28 16:32:48.137897+00:00,EUR/GBP,invest,support,Y_IB,Y IB LOW,long,tested,0.86122,0.86122,0.86122,0.8679,-66.8,66.8,IB,Y,1,2026-03-19T15:00:00+00:00,,D1,H4,Anchor 2026 | range 0.01771,15,32.147492625368734,1,2,3,0.014749262536873115,fxcm_m30/d1
2026-03-28 16:32:48.124513+00:00,EUR/GBP,invest,resistance,M_IB,M IB LOW,short,crossed,0.86844,0.86844,0.86844,0.8679,5.35,5.35,IB,M,6,2026-03-06T08:00:00+00:00,2026-03-06T08:00:00+00:00,D1,H4,Anchor 2026-03 | range 0.01032,18,19.574803149606144,0,2,2,0.15748031496061424,fxcm_m30/d1
2026-03-28 16:32:48.121326+00:00,EUR/GBP,invest,resistance,M_POC,M_POC,short,crossed,0.87155,0.86875,0.87495,0.8679,36.5,36.5,POC,M,6,2026-03-02T22:00:00+00:00,2026-03-03T12:00:00+00:00,D1,H4,Profile 2026-02 | close 0.87613,17,23.266666666666744,0,3,2,0.02666666666667426,fxcm_m30
2026-03-28 16:32:48.129808+00:00,EUR/GBP,invest,resistance,Y_POC,Y_POC,short,crossed,0.87295,0.86335,0.87585,0.8679,50.5,50.5,POC,Y,69,2026-01-20T12:30:00+00:00,2026-01-21T10:00:00+00:00,D1,H4,Profile 2025 | close 0.87240,16,27.19417475728161,0,3,3,0.019417475728160785,fxcm_m30
2026-03-28 16:32:49.264679+00:00,EUR/JPY,invest,resistance,M_IB,M IB HIGH,short,fresh,184.694,184.694,184.694,184.49,20.4,20.4,IB,M,0,,,D1,H4,Anchor 2026-03 | range 2.66350,10,48.46728971962615,3,2,2,0.046728971962615135,fxcm_m30/d1
2026-03-28 16:32:49.276610+00:00,EUR/JPY,invest,resistance,Y_IB,Y IB HIGH,short,fresh,186.875,186.875,186.875,184.49,238.5,238.5,IB,Y,0,,,D1,H4,Anchor 2026 | range 6.06950,2,52.04175365344468,3,2,3,0.004175365344467657,fxcm_m30/d1
2026-03-28 16:32:49.276610+00:00,EUR/JPY,invest,support,Y_IB,Y IB LOW,long,fresh,180.8055,180.8055,180.8055,184.49,-368.45,368.45,IB,Y,0,,,D1,H4,Anchor 2026 | range 6.06950,3,52.02706726214643,3,2,3,0.0027067262146433786,fxcm_m30/d1
2026-03-28 16:32:49.274050+00:00,EUR/JPY,invest,resistance,M_IB,M IB 150,short,fresh,188.68925,188.68925,188.68925,184.49,419.93,419.93,IB,M,0,,,D1,H4,Anchor 2026-03 | range 2.66350,11,48.02375720140167,3,2,2,0.002375720140167485,fxcm_m30/d1
2026-03-28 16:32:49.276610+00:00,EUR/JPY,invest,resistance,M_IB,M IB 200,short,fresh,190.021,190.021,190.021,184.49,553.1,553.1,IB,M,0,,,D1,H4,Anchor 2026-03 | range 2.66350,12,48.018047283883774,3,2,2,0.0018047283883775472,fxcm_m30/d1
2026-03-28 16:32:49.274050+00:00,EUR/JPY,invest,support,M_IB,M IB -150,long,fresh,178.03525,178.03525,178.03525,184.49,-645.47,645.47,IB,M,0,,,D1,H4,Anchor 2026-03 | range 2.66350,13,48.015468502262266,3,2,2,0.001546850226226848,fxcm_m30/d1
2026-03-28 16:32:49.276610+00:00,EUR/JPY,invest,support,M_IB,M IB -200,long,fresh,176.7035,176.7035,176.7035,184.49,-778.65,778.65,IB,M,0,,,D1,H4,Anchor 2026-03 | range 2.66350,14,48.012826268197266,3,2,2,0.0012826268197268023,fxcm_m30/d1
2026-03-28 16:32:49.276610+00:00,EUR/JPY,invest,resistance,M_IB,M IB 300,short,fresh,192.6845,192.6845,192.6845,184.49,819.45,819.45,IB,M,0,,,D1,H4,Anchor 2026-03 | range 2.66350,15,48.01218843317692,3,2,2,0.00121884331769151,fxcm_m30/d1
2026-03-28 16:32:49.276610+00:00,EUR/JPY,invest,support,M_IB,M IB -300,long,fresh,174.04,174.04,174.04,184.49,-1045.0,1045.0,IB,M,0,,,D1,H4,Anchor 2026-03 | range 2.66350,16,48.009560229445505,3,2,2,0.0009560229445506703,fxcm_m30/d1
2026-03-28 16:32:49.289287+00:00,EUR/JPY,invest,resistance,Y_IB,Y IB 150,short,fresh,195.97925,195.97925,195.97925,184.49,1148.92,1148.92,IB,Y,0,,,D1,H4,Anchor 2026 | range 6.06950,4,52.00869621931865,3,2,3,0.0008696219318651219,fxcm_m30/d1
2026-03-28 16:32:49.276610+00:00,EUR/JPY,invest,support,Y_POC,Y_POC,long,fresh,172.4805,169.9455,178.2585,184.49,-1200.95,1200.95,POC,Y,0,,,D1,H4,Profile 2025 | close 184.14350,1,57.008319813636184,3,3,3,0.0008319813636183676,fxcm_m30
2026-03-28 16:32:49.290820+00:00,EUR/JPY,invest,support,Y_IB,Y IB -150,long,fresh,171.70125,171.70125,171.70125,184.49,-1278.88,1278.88,IB,Y,0,,,D1,H4,Anchor 2026 | range 6.06950,5,52.007813263013965,3,2,3,0.0007813263013966195,fxcm_m30/d1
2026-03-28 16:32:49.290820+00:00,EUR/JPY,invest,resistance,Y_IB,Y IB 200,short,fresh,199.014,199.014,199.014,184.49,1452.4,1452.4,IB,Y,0,,,D1,H4,Anchor 2026 | range 6.06950,6,52.00688041832944,3,2,3,0.0006880418329434429,fxcm_m30/d1
2026-03-28 16:32:49.290820+00:00,EUR/JPY,invest,support,Y_IB,Y IB -200,long,fresh,168.6665,168.6665,168.6665,184.49,-1582.35,1582.35,IB,Y,0,,,D1,H4,Anchor 2026 | range 6.06950,7,52.00631572299239,3,2,3,0.0006315722992389544,fxcm_m30/d1
2026-03-28 16:32:49.290820+00:00,EUR/JPY,invest,resistance,Y_IB,Y IB 300,short,fresh,205.0835,205.0835,205.0835,184.49,2059.35,2059.35,IB,Y,0,,,D1,H4,Anchor 2026 | range 6.06950,8,52.00485354430072,3,2,3,0.0004853544300725604,fxcm_m30/d1
2026-03-28 16:32:49.297114+00:00,EUR/JPY,invest,support,Y_IB,Y IB -300,long,fresh,162.597,162.597,162.597,184.49,-2189.3,2189.3,IB,Y,0,,,D1,H4,Anchor 2026 | range 6.06950,9,52.00456558462311,3,2,3,0.00045655846231109834,fxcm_m30/d1
2026-03-28 16:32:49.264679+00:00,EUR/JPY,invest,support,M_POC,M_POC,long,crossed,183.6095,182.4825,185.9435,184.49,-88.05,88.05,POC,M,62,2026-03-01T18:00:00+00:00,2026-03-01T19:30:00+00:00,D1,H4,Profile 2026-02 | close 184.44850,17,23.112296462663114,0,3,2,0.011229646266311276,fxcm_m30
2026-03-28 16:32:49.264679+00:00,EUR/JPY,invest,support,M_IB,M IB LOW,long,crossed,182.0305,182.0305,182.0305,184.49,-245.95,245.95,IB,M,4,2026-03-16T06:00:00+00:00,2026-03-16T07:30:00+00:00,D1,H4,Anchor 2026-03 | range 2.66350,19,18.040494027130997,0,2,2,0.004049402713099832,fxcm_m30/d1
2026-03-28 16:32:41.463769+00:00,EUR/USD,invest,resistance,M_IB,M IB HIGH,short,fresh,1.18183,1.18183,1.18183,1.15113,307.0,307.0,IB,M,0,,,D1,H4,Anchor 2026-03 | range 0.02880,8,48.032467532467535,3,2,2,0.003246753246753252,fxcm_m30/d1
2026-03-28 16:32:41.467776+00:00,EUR/USD,invest,support,M_IB,M IB -150,long,fresh,1.10983,1.10983,1.10983,1.15113,-413.0,413.0,IB,M,0,,,D1,H4,Anchor 2026-03 | range 0.02880,9,48.02415458937198,3,2,2,0.002415458937198074,fxcm_m30/d1
2026-03-28 16:32:41.470457+00:00,EUR/USD,invest,support,M_IB,M IB -200,long,fresh,1.09543,1.09543,1.09543,1.15113,-557.0,557.0,IB,M,0,,,D1,H4,Anchor 2026-03 | range 0.02880,10,48.017921146953405,3,2,2,0.0017921146953405061,fxcm_m30/d1
2026-03-28 16:32:41.484785+00:00,EUR/USD,invest,resistance,Y_IB,Y IB HIGH,short,fresh,1.20832,1.20832,1.20832,1.15113,571.9,571.9,IB,Y,0,,,D1,H4,Anchor 2026 | range 0.05124,1,52.01745505323791,3,2,3,0.0017455053237912356,fxcm_m30/d1
2026-03-28 16:32:41.486160+00:00,EUR/USD,invest,support,Y_IB,Y IB -150,long,fresh,1.08023,1.08023,1.08023,1.15113,-708.98,708.98,IB,Y,0,,,D1,H4,Anchor 2026 | range 0.05124,2,52.01408500299306,3,2,3,0.001408500299306308,fxcm_m30/d1
2026-03-28 16:32:41.467776+00:00,EUR/USD,invest,resistance,M_IB,M IB 150,short,fresh,1.22503,1.22503,1.22503,1.15113,739.0,739.0,IB,M,0,,,D1,H4,Anchor 2026-03 | range 0.02880,11,48.013513513513516,3,2,2,0.001351351351351354,fxcm_m30/d1
2026-03-28 16:32:41.476547+00:00,EUR/USD,invest,support,M_IB,M IB -300,long,fresh,1.06663,1.06663,1.06663,1.15113,-845.0,845.0,IB,M,0,,,D1,H4,Anchor 2026-03 | range 0.02880,12,48.011820330969265,3,2,2,0.0011820330969267167,fxcm_m30/d1
2026-03-28 16:32:41.470457+00:00,EUR/USD,invest,resistance,M_IB,M IB 200,short,fresh,1.23943,1.23943,1.23943,1.15113,883.0,883.0,IB,M,0,,,D1,H4,Anchor 2026-03 | range 0.02880,13,48.01131221719457,3,2,2,0.0011312217194570158,fxcm_m30/d1
2026-03-28 16:32:41.493265+00:00,EUR/USD,invest,support,Y_IB,Y IB -200,long,fresh,1.05461,1.05461,1.05461,1.15113,-965.15,965.15,IB,Y,0,,,D1,H4,Anchor 2026 | range 0.05124,3,52.010350359675,3,2,3,0.0010350359674998668,fxcm_m30/d1
2026-03-28 16:32:41.476547+00:00,EUR/USD,invest,resistance,M_IB,M IB 300,short,fresh,1.26823,1.26823,1.26823,1.15113,1171.0,1171.0,IB,M,0,,,D1,H4,Anchor 2026-03 | range 0.02880,14,48.008532423208194,3,2,2,0.0008532423208191145,fxcm_m30/d1
2026-03-28 16:32:41.486160+00:00,EUR/USD,invest,resistance,Y_IB,Y IB 150,short,fresh,1.28517,1.28517,1.28517,1.15113,1340.43,1340.43,IB,Y,0,,,D1,H4,Anchor 2026 | range 0.05124,4,52.007454758931736,3,2,3,0.0007454758931733029,fxcm_m30/d1
2026-03-28 16:32:41.501402+00:00,EUR/USD,invest,support,Y_IB,Y IB -300,long,fresh,1.00338,1.00338,1.00338,1.15113,-1477.5,1477.5,IB,Y,0,,,D1,H4,Anchor 2026 | range 0.05124,5,52.00676361176868,3,2,3,0.0006763611768684456,fxcm_m30/d1
2026-03-28 16:32:41.493265+00:00,EUR/USD,invest,resistance,Y_IB,Y IB 200,short,fresh,1.31079,1.31079,1.31079,1.15113,1596.6,1596.6,IB,Y,0,,,D1,H4,Anchor 2026 | range 0.05124,6,52.006259389083624,3,2,3,0.0006259389083625424,fxcm_m30/d1
2026-03-28 16:32:41.493265+00:00,EUR/USD,invest,resistance,Y_IB,Y IB 300,short,fresh,1.36203,1.36203,1.36203,1.15113,2108.95,2108.95,IB,Y,0,,,D1,H4,Anchor 2026 | range 0.05124,7,52.004739448802106,3,2,3,0.00047394488021043044,fxcm_m30/d1
2026-03-28 16:32:41.461763+00:00,EUR/USD,invest,resistance,M_POC,M_POC,short,tested,1.18035,1.17595,1.18555,1.15113,292.2,292.2,POC,M,1,2026-03-01T18:00:00+00:00,,D1,H4,Profile 2026-02 | close 1.18183,15,33.03410641200546,1,3,2,0.0034106412005457773,fxcm_m30
2026-03-28 16:32:41.465773+00:00,EUR/USD,invest,resistance,M_IB,M IB LOW,short,crossed,1.15303,1.15303,1.15303,1.15113,19.0,19.0,IB,M,60,2026-03-08T22:00:00+00:00,2026-03-08T23:30:00+00:00,D1,H4,Anchor 2026-03 | range 0.02880,19,18.499999999999996,0,2,2,0.049999999999999684,fxcm_m30/d1
2026-03-28 16:32:41.486160+00:00,EUR/USD,invest,resistance,Y_IB,Y IB LOW,short,crossed,1.15708,1.15708,1.15708,1.15113,59.55,59.55,IB,Y,69,2026-03-03T14:00:00+00:00,2026-03-03T14:30:00+00:00,D1,H4,Anchor 2026 | range 0.05124,17,22.165152766308836,0,2,3,0.016515276630883754,fxcm_m30/d1
2026-03-28 16:32:41.476547+00:00,EUR/USD,invest,resistance,Y_POC,Y_POC,short,crossed,1.16565,1.15565,1.17395,1.15113,145.2,145.2,POC,Y,47,2026-01-08T14:00:00+00:00,2026-01-08T16:30:00+00:00,D1,H4,Profile 2025 | close 1.17387,16,27.06839945280439,0,3,3,0.006839945280439065,fxcm_m30
2026-03-28 16:32:52.214422+00:00,GBP/CHF,invest,resistance,M_IB,M IB 150,short,fresh,1.07523,1.07523,1.07523,1.06018,150.5,150.5,IB,M,0,,,D1,H4,Anchor 2026-03 | range 0.01865,9,48.06600660066007,3,2,2,0.006600660066006598,fxcm_m30/d1
2026-03-28 16:32:52.227549+00:00,GBP/CHF,invest,resistance,Y_IB,Y IB HIGH,short,fresh,1.07984,1.07984,1.07984,1.06018,196.7,196.7,IB,Y,0,,,D1,H4,Anchor 2026 | range 0.05071,1,52.05058168942843,3,2,3,0.005058168942842728,fxcm_m30/d1
2026-03-28 16:32:52.221997+00:00,GBP/CHF,invest,resistance,M_IB,M IB 200,short,fresh,1.08455,1.08455,1.08455,1.06018,243.75,243.75,IB,M,0,,,D1,H4,Anchor 2026-03 | range 0.01865,10,48.04085801838611,3,2,2,0.004085801838610821,fxcm_m30/d1
2026-03-28 16:32:52.214422+00:00,GBP/CHF,invest,support,M_IB,M IB LOW,long,fresh,1.0286,1.0286,1.0286,1.06018,-315.75,315.75,IB,M,0,,,D1,H4,Anchor 2026-03 | range 0.01865,11,48.03157063930544,3,2,2,0.0031570639305445805,fxcm_m30/d1
2026-03-28 16:32:52.227549+00:00,GBP/CHF,invest,resistance,M_IB,M IB 300,short,fresh,1.1032,1.1032,1.1032,1.06018,430.25,430.25,IB,M,0,,,D1,H4,Anchor 2026-03 | range 0.01865,12,48.0231884057971,3,2,2,0.00231884057971014,fxcm_m30/d1
2026-03-28 16:32:52.221997+00:00,GBP/CHF,invest,support,M_IB,M IB -150,long,fresh,1.00062,1.00062,1.00062,1.06018,-595.5,595.5,IB,M,0,,,D1,H4,Anchor 2026-03 | range 0.01865,13,48.016764459346184,3,2,2,0.0016764459346186025,fxcm_m30/d1
2026-03-28 16:32:52.227549+00:00,GBP/CHF,invest,support,M_IB,M IB -200,long,fresh,0.9913,0.9913,0.9913,1.06018,-688.75,688.75,IB,M,0,,,D1,H4,Anchor 2026-03 | range 0.01865,14,48.0144980065241,3,2,2,0.0014498006524102886,fxcm_m30/d1
2026-03-28 16:32:52.227549+00:00,GBP/CHF,invest,support,M_IB,M IB -300,long,fresh,0.97265,0.97265,0.97265,1.06018,-875.25,875.25,IB,M,0,,,D1,H4,Anchor 2026-03 | range 0.01865,15,48.0114122681883,3,2,2,0.0011412268188302386,fxcm_m30/d1
2026-03-28 16:32:52.237903+00:00,GBP/CHF,invest,resistance,Y_IB,Y IB 150,short,fresh,1.15592,1.15592,1.15592,1.06018,957.42,957.42,IB,Y,0,,,D1,H4,Anchor 2026 | range 0.05071,2,52.01043378459452,3,2,3,0.0010433784594517089,fxcm_m30/d1
2026-03-28 16:32:52.237903+00:00,GBP/CHF,invest,support,Y_IB,Y IB -150,long,fresh,0.95306,0.95306,0.95306,1.06018,-1071.17,1071.17,IB,Y,0,,,D1,H4,Anchor 2026 | range 0.05071,3,52.009326835637836,3,2,3,0.0009326835637838995,fxcm_m30/d1
2026-03-28 16:32:52.239826+00:00,GBP/CHF,invest,resistance,Y_IB,Y IB 200,short,fresh,1.18127,1.18127,1.18127,1.06018,1211.0,1211.0,IB,Y,0,,,D1,H4,Anchor 2026 | range 0.05071,4,52.008250825082506,3,2,3,0.0008250825082508281,fxcm_m30/d1
2026-03-28 16:32:52.239826+00:00,GBP/CHF,invest,support,Y_IB,Y IB -200,long,fresh,0.9277,0.9277,0.9277,1.06018,-1324.75,1324.75,IB,Y,0,,,D1,H4,Anchor 2026 | range 0.05071,5,52.00754290024514,3,2,3,0.0007542900245144277,fxcm_m30/d1
2026-03-28 16:32:52.239826+00:00,GBP/CHF,invest,resistance,Y_IB,Y IB 300,short,fresh,1.23199,1.23199,1.23199,1.06018,1718.15,1718.15,IB,Y,0,,,D1,H4,Anchor 2026 | range 0.05071,6,52.005816828083645,3,2,3,0.0005816828083646009,fxcm_m30/d1
2026-03-28 16:32:52.239826+00:00,GBP/CHF,invest,support,Y_IB,Y IB -300,long,fresh,0.87699,0.87699,0.87699,1.06018,-1831.9,1831.9,IB,Y,0,,,D1,H4,Anchor 2026 | range 0.05071,7,52.005455835015546,3,2,3,0.0005455835015549144,fxcm_m30/d1
2026-03-28 16:32:52.227549+00:00,GBP/CHF,invest,support,Y_IB,Y IB LOW,long,tested,1.02913,1.02913,1.02913,1.06018,-310.45,310.45,IB,Y,2,2026-03-01T22:00:00+00:00,,D1,H4,Anchor 2026 | range 0.05071,16,32.03210788248515,1,2,3,0.0032107882485150115,fxcm_m30/d1
2026-03-28 16:32:52.227549+00:00,GBP/CHF,invest,resistance,Y_POC,Y_POC,short,crossed,1.07195,1.05895,1.08075,1.06018,117.75,117.75,POC,Y,43,2026-01-05T17:00:00+00:00,2026-01-05T17:00:00+00:00,D1,H4,Profile 2025 | close 1.06733,17,27.084210526315818,0,3,3,0.008421052631581718,fxcm_m30
2026-03-28 16:32:52.214422+00:00,GBP/CHF,invest,support,M_IB,M IB HIGH,long,crossed,1.04725,1.04725,1.04725,1.06018,-129.25,129.25,IB,M,26,2026-03-11T20:30:00+00:00,2026-03-12T16:00:00+00:00,D1,H4,Anchor 2026-03 | range 0.01865,19,18.076775431861805,0,2,2,0.007677543186180379,fxcm_m30/d1
2026-03-28 16:32:52.214422+00:00,GBP/CHF,invest,support,M_POC,M_POC,long,crossed,1.04675,1.04235,1.05475,1.06018,-134.25,134.25,POC,M,37,2026-03-04T09:30:00+00:00,2026-03-12T07:30:00+00:00,D1,H4,Profile 2026-02 | close 1.03742,18,23.073937153419585,0,3,2,0.007393715341958474,fxcm_m30
2026-03-28 16:32:50.430619+00:00,GBP/JPY,invest,resistance,M_IB,M IB 150,short,fresh,214.69675,214.69675,214.69675,212.642,205.48,205.48,IB,M,0,,,D1,H4,Anchor 2026-03 | range 2.20550,11,48.04843201356096,3,2,2,0.0048432013560963496,fxcm_m30/d1
2026-03-28 16:32:50.442413+00:00,GBP/JPY,invest,resistance,Y_IB,Y IB HIGH,short,fresh,215.0135,215.0135,215.0135,212.642,237.15,237.15,IB,Y,0,,,D1,H4,Anchor 2026 | range 7.78050,3,52.04199034222129,3,2,3,0.004199034222128865,fxcm_m30/d1
2026-03-28 16:32:50.430619+00:00,GBP/JPY,invest,resistance,M_IB,M IB 200,short,fresh,215.7995,215.7995,215.7995,212.642,315.75,315.75,IB,M,0,,,D1,H4,Anchor 2026-03 | range 2.20550,12,48.03157063930544,3,2,2,0.003157063930544595,fxcm_m30/d1
2026-03-28 16:32:50.425056+00:00,GBP/JPY,invest,support,M_IB,M IB LOW,long,fresh,209.183,209.183,209.183,212.642,-345.9,345.9,IB,M,0,,,D1,H4,Anchor 2026-03 | range 2.20550,13,48.02882675122514,3,2,2,0.00288267512251369,fxcm_m30/d1
2026-03-28 16:32:50.425056+00:00,GBP/JPY,invest,support,M_POC,M_POC,long,fresh,208.6345,207.2725,212.1865,212.642,-400.75,400.75,POC,M,0,,,D1,H4,Profile 2026-02 | close 210.43400,2,53.02489110143128,3,3,2,0.002489110143127993,fxcm_m30
2026-03-28 16:32:50.430619+00:00,GBP/JPY,invest,resistance,M_IB,M IB 300,short,fresh,218.005,218.005,218.005,212.642,536.3,536.3,IB,M,0,,,D1,H4,Anchor 2026-03 | range 2.20550,14,48.018611576400524,3,2,2,0.0018611576400521127,fxcm_m30/d1
2026-03-28 16:32:50.442413+00:00,GBP/JPY,invest,support,Y_IB,Y IB LOW,long,fresh,207.233,207.233,207.233,212.642,-540.9,540.9,IB,Y,0,,,D1,H4,Anchor 2026 | range 7.78050,4,52.01845358922311,3,2,3,0.0018453589223103922,fxcm_m30/d1
2026-03-28 16:32:50.430619+00:00,GBP/JPY,invest,support,M_IB,M IB -150,long,fresh,205.87475,205.87475,205.87475,212.642,-676.72,676.72,IB,M,0,,,D1,H4,Anchor 2026-03 | range 2.20550,15,48.01475524733483,3,2,2,0.0014755247334833472,fxcm_m30/d1
2026-03-28 16:32:50.430619+00:00,GBP/JPY,invest,support,M_IB,M IB -200,long,fresh,204.772,204.772,204.772,212.642,-787.0,787.0,IB,M,0,,,D1,H4,Anchor 2026-03 | range 2.20550,16,48.01269035532995,3,2,2,0.001269035532994923,fxcm_m30/d1
2026-03-28 16:32:50.439010+00:00,GBP/JPY,invest,support,M_IB,M IB -300,long,fresh,202.5665,202.5665,202.5665,212.642,-1007.55,1007.55,IB,M,0,,,D1,H4,Anchor 2026-03 | range 2.20550,17,48.00991522482772,3,2,2,0.0009915224827722964,fxcm_m30/d1
2026-03-28 16:32:50.440394+00:00,GBP/JPY,invest,support,Y_POC,Y_POC,long,fresh,199.6655,197.6035,204.8645,212.642,-1297.65,1297.65,POC,Y,0,,,D1,H4,Profile 2025 | close 211.06950,1,57.00770030416203,3,3,3,0.0007700304162027518,fxcm_m30
2026-03-28 16:32:50.442413+00:00,GBP/JPY,invest,resistance,Y_IB,Y IB 150,short,fresh,226.68425,226.68425,226.68425,212.642,1404.23,1404.23,IB,Y,0,,,D1,H4,Anchor 2026 | range 7.78050,5,52.00711629810173,3,2,3,0.0007116298101727455,fxcm_m30/d1
2026-03-28 16:32:50.442413+00:00,GBP/JPY,invest,support,Y_IB,Y IB -150,long,fresh,195.56225,195.56225,195.56225,212.642,-1707.98,1707.98,IB,Y,0,,,D1,H4,Anchor 2026 | range 7.78050,6,52.00585146067087,3,2,3,0.000585146067086996,fxcm_m30/d1
2026-03-28 16:32:50.442413+00:00,GBP/JPY,invest,resistance,Y_IB,Y IB 200,short,fresh,230.5745,230.5745,230.5745,212.642,1793.25,1793.25,IB,Y,0,,,D1,H4,Anchor 2026 | range 7.78050,7,52.00557335934234,3,2,3,0.0005573359342343579,fxcm_m30/d1
2026-03-28 16:32:50.442413+00:00,GBP/JPY,invest,support,Y_IB,Y IB -200,long,fresh,191.672,191.672,191.672,212.642,-2097.0,2097.0,IB,Y,0,,,D1,H4,Anchor 2026 | range 7.78050,8,52.0047664442326,3,2,3,0.00047664442326024724,fxcm_m30/d1
2026-03-28 16:32:50.442413+00:00,GBP/JPY,invest,resistance,Y_IB,Y IB 300,short,fresh,238.355,238.355,238.355,212.642,2571.3,2571.3,IB,Y,0,,,D1,H4,Anchor 2026 | range 7.78050,9,52.00388757143413,3,2,3,0.000388757143412509,fxcm_m30/d1
2026-03-28 16:32:50.454853+00:00,GBP/JPY,invest,support,Y_IB,Y IB -300,long,fresh,183.8915,183.8915,183.8915,212.642,-2875.05,2875.05,IB,Y,0,,,D1,H4,Anchor 2026 | range 7.78050,10,52.00347699101198,3,2,3,0.0003476991011978229,fxcm_m30/d1
2026-03-28 16:32:50.425056+00:00,GBP/JPY,invest,support,M_IB,M IB HIGH,long,crossed,211.3885,211.3885,211.3885,212.642,-125.35,125.35,IB,M,51,2026-03-06T18:00:00+00:00,2026-03-06T20:30:00+00:00,D1,H4,Anchor 2026-03 | range 2.20550,19,18.0791452314998,0,2,2,0.007914523149980198,fxcm_m30/d1
2026-03-28 16:32:42.403717+00:00,GBP/USD,invest,resistance,M_IB,M IB HIGH,short,fresh,1.34916,1.34916,1.34916,1.32608,230.8,230.8,IB,M,0,,,D1,H4,Anchor 2026-03 | range 0.02385,9,48.04314063848145,3,2,2,0.004314063848144996,fxcm_m30/d1
2026-03-28 16:32:42.409480+00:00,GBP/USD,invest,support,M_IB,M IB -150,long,fresh,1.28952,1.28952,1.28952,1.32608,-365.57,365.57,IB,M,0,,,D1,H4,Anchor 2026-03 | range 0.02385,10,48.027279547159516,3,2,2,0.002727954715951747,fxcm_m30/d1
2026-03-28 16:32:42.403717+00:00,GBP/USD,invest,resistance,M_POC,M_POC,short,fresh,1.36465,1.35215,1.37115,1.32608,385.7,385.7,POC,M,0,,,D1,H4,Profile 2026-02 | close 1.34895,1,53.025859839668996,3,3,2,0.0025859839668995544,fxcm_m30
2026-03-28 16:32:42.412168+00:00,GBP/USD,invest,support,M_IB,M IB -200,long,fresh,1.2776,1.2776,1.2776,1.32608,-484.85,484.85,IB,M,0,,,D1,H4,Anchor 2026-03 | range 0.02385,11,48.020582484305855,3,2,2,0.0020582484305855953,fxcm_m30/d1
2026-03-28 16:32:42.403717+00:00,GBP/USD,invest,resistance,M_IB,M IB 150,short,fresh,1.38494,1.38494,1.38494,1.32608,588.62,588.62,IB,M,0,,,D1,H4,Anchor 2026-03 | range 0.02385,12,48.01695993216027,3,2,2,0.0016959932160271539,fxcm_m30/d1
2026-03-28 16:32:42.420229+00:00,GBP/USD,invest,resistance,Y_IB,Y IB HIGH,short,fresh,1.38695,1.38695,1.38695,1.32608,608.7,608.7,IB,Y,0,,,D1,H4,Anchor 2026 | range 0.05430,2,52.01640150893882,3,2,3,0.0016401508938822438,fxcm_m30/d1
2026-03-28 16:32:42.412168+00:00,GBP/USD,invest,resistance,M_IB,M IB 200,short,fresh,1.39687,1.39687,1.39687,1.32608,707.9,707.9,IB,M,0,,,D1,H4,Anchor 2026-03 | range 0.02385,13,48.01410636196925,3,2,2,0.0014106361969248283,fxcm_m30/d1
2026-03-28 16:32:42.414215+00:00,GBP/USD,invest,support,M_IB,M IB -300,long,fresh,1.25374,1.25374,1.25374,1.32608,-723.4,723.4,IB,M,0,,,D1,H4,Anchor 2026-03 | range 0.02385,14,48.01380452788515,3,2,2,0.0013804527885146484,fxcm_m30/d1
2026-03-28 16:32:42.420229+00:00,GBP/USD,invest,support,Y_IB,Y IB -150,long,fresh,1.25119,1.25119,1.25119,1.32608,-748.92,748.92,IB,Y,0,,,D1,H4,Anchor 2026 | range 0.05430,3,52.01333466680001,3,2,3,0.001333466680001337,fxcm_m30/d1
2026-03-28 16:32:42.414215+00:00,GBP/USD,invest,resistance,M_IB,M IB 300,short,fresh,1.42072,1.42072,1.42072,1.32608,946.45,946.45,IB,M,0,,,D1,H4,Anchor 2026-03 | range 0.02385,15,48.010554646683204,3,2,2,0.0010554646683202395,fxcm_m30/d1
2026-03-28 16:32:42.428382+00:00,GBP/USD,invest,support,Y_IB,Y IB -200,long,fresh,1.22404,1.22404,1.22404,1.32608,-1020.45,1020.45,IB,Y,0,,,D1,H4,Anchor 2026 | range 0.05430,4,52.0097900044055,3,2,3,0.000979000440550201,fxcm_m30/d1
2026-03-28 16:32:42.420229+00:00,GBP/USD,invest,resistance,Y_IB,Y IB 150,short,fresh,1.46841,1.46841,1.46841,1.32608,1423.27,1423.27,IB,Y,0,,,D1,H4,Anchor 2026 | range 0.05430,5,52.00702111600639,3,2,3,0.0007021116006389241,fxcm_m30/d1
2026-03-28 16:32:42.432391+00:00,GBP/USD,invest,support,Y_IB,Y IB -300,long,fresh,1.16973,1.16973,1.16973,1.32608,-1563.5,1563.5,IB,Y,0,,,D1,H4,Anchor 2026 | range 0.05430,6,52.00639181847235,3,2,3,0.0006391818472355404,fxcm_m30/d1
2026-03-28 16:32:42.420229+00:00,GBP/USD,invest,resistance,Y_IB,Y IB 200,short,fresh,1.49556,1.49556,1.49556,1.32608,1694.8,1694.8,IB,Y,0,,,D1,H4,Anchor 2026 | range 0.05430,7,52.005896921806816,3,2,3,0.0005896921806816863,fxcm_m30/d1
2026-03-28 16:32:42.430387+00:00,GBP/USD,invest,resistance,Y_IB,Y IB 300,short,fresh,1.54986,1.54986,1.54986,1.32608,2237.85,2237.85,IB,Y,0,,,D1,H4,Anchor 2026 | range 0.05430,8,52.00446657882395,3,2,3,0.00044665788239498113,fxcm_m30/d1
2026-03-28 16:32:42.403717+00:00,GBP/USD,invest,support,M_IB,M IB LOW,long,crossed,1.32531,1.32531,1.32531,1.32608,-7.75,7.75,IB,M,26,2026-03-13T10:30:00+00:00,2026-03-13T15:00:00+00:00,D1,H4,Anchor 2026-03 | range 0.02385,18,19.14285714285718,0,2,2,0.11428571428571818,fxcm_m30/d1
2026-03-28 16:32:42.420229+00:00,GBP/USD,invest,resistance,Y_IB,Y IB LOW,short,crossed,1.33264,1.33264,1.33264,1.32608,65.65,65.65,IB,Y,106,2026-03-02T08:00:00+00:00,2026-03-03T08:00:00+00:00,D1,H4,Anchor 2026 | range 0.05430,17,22.150037509377345,0,2,3,0.015003750937734586,fxcm_m30/d1
2026-03-28 16:32:42.414215+00:00,GBP/USD,invest,resistance,Y_POC,Y_POC,short,crossed,1.34365,1.32715,1.35685,1.32608,175.7,175.7,POC,Y,158,2026-01-02T11:00:00+00:00,2026-01-05T02:00:00+00:00,D1,H4,Profile 2025 | close 1.34557,16,27.05659309564235,0,3,3,0.005659309564234701,fxcm_m30
2026-03-28 16:32:47.227914+00:00,NZD/USD,invest,support,Y_IB,Y IB LOW,long,fresh,0.57112,0.57112,0.57112,0.57442,-33.05,33.05,IB,Y,0,,,D1,H4,Anchor 2026 | range 0.03815,2,52.29368575624082,3,2,3,0.02936857562408221,fxcm_m30/d1
2026-03-28 16:32:47.225270+00:00,NZD/USD,invest,support,M_IB,M IB -150,long,fresh,0.55964,0.55964,0.55964,0.57442,-147.85,147.85,IB,M,0,,,D1,H4,Anchor 2026-03 | range 0.01598,10,48.067181726570375,3,2,2,0.006718172657037314,fxcm_m30/d1
2026-03-28 16:32:47.227914+00:00,NZD/USD,invest,support,M_IB,M IB -200,long,fresh,0.55165,0.55165,0.55165,0.57442,-227.75,227.75,IB,M,0,,,D1,H4,Anchor 2026-03 | range 0.01598,11,48.04371584699454,3,2,2,0.0043715846994535545,fxcm_m30/d1
2026-03-28 16:32:47.212103+00:00,NZD/USD,invest,resistance,M_IB,M IB HIGH,short,fresh,0.59958,0.59958,0.59958,0.57442,251.65,251.65,IB,M,0,,,D1,H4,Anchor 2026-03 | range 0.01598,12,48.039580447259056,3,2,2,0.003958044725905404,fxcm_m30/d1
2026-03-28 16:32:47.212103+00:00,NZD/USD,invest,resistance,M_POC,M_POC,short,fresh,0.60435,0.59775,0.60515,0.57442,299.3,299.3,POC,M,0,,,D1,H4,Profile 2026-02 | close 0.59959,1,53.03330003330004,3,3,2,0.0033300033300034766,fxcm_m30
2026-03-28 16:32:47.227914+00:00,NZD/USD,invest,resistance,Y_IB,Y IB HIGH,short,fresh,0.60927,0.60927,0.60927,0.57442,348.5,348.5,IB,Y,0,,,D1,H4,Anchor 2026 | range 0.03815,3,52.028612303290416,3,2,3,0.002861230329041493,fxcm_m30/d1
2026-03-28 16:32:47.227914+00:00,NZD/USD,invest,support,M_IB,M IB -300,long,fresh,0.53567,0.53567,0.53567,0.57442,-387.55,387.55,IB,M,0,,,D1,H4,Anchor 2026-03 | range 0.01598,13,48.02573671342169,3,2,2,0.002573671342169606,fxcm_m30/d1
2026-03-28 16:32:47.222269+00:00,NZD/USD,invest,resistance,M_IB,M IB 150,short,fresh,0.62356,0.62356,0.62356,0.57442,491.35,491.35,IB,M,0,,,D1,H4,Anchor 2026-03 | range 0.01598,14,48.02031075454453,3,2,2,0.0020310754544531316,fxcm_m30/d1
2026-03-28 16:32:47.227914+00:00,NZD/USD,invest,resistance,M_IB,M IB 200,short,fresh,0.63154,0.63154,0.63154,0.57442,571.25,571.25,IB,M,0,,,D1,H4,Anchor 2026-03 | range 0.01598,15,48.0174748798602,3,2,2,0.0017474879860200968,fxcm_m30/d1
2026-03-28 16:32:47.241437+00:00,NZD/USD,invest,support,Y_IB,Y IB -150,long,fresh,0.51388,0.51388,0.51388,0.57442,-605.37,605.37,IB,Y,0,,,D1,H4,Anchor 2026 | range 0.03815,4,52.016491445062876,3,2,3,0.001649144506287366,fxcm_m30/d1
2026-03-28 16:32:47.227914+00:00,NZD/USD,invest,resistance,M_IB,M IB 300,short,fresh,0.64752,0.64752,0.64752,0.57442,731.05,731.05,IB,M,0,,,D1,H4,Anchor 2026-03 | range 0.01598,16,48.0136602691073,3,2,2,0.001366026910730142,fxcm_m30/d1
2026-03-28 16:32:47.241437+00:00,NZD/USD,invest,support,Y_IB,Y IB -200,long,fresh,0.49481,0.49481,0.49481,0.57442,-796.15,796.15,IB,Y,0,,,D1,H4,Anchor 2026 | range 0.03815,5,52.01254469045976,3,2,3,0.0012544690459762925,fxcm_m30/d1
2026-03-28 16:32:47.240541+00:00,NZD/USD,invest,resistance,Y_IB,Y IB 150,short,fresh,0.6665,0.6665,0.6665,0.57442,920.82,920.82,IB,Y,0,,,D1,H4,Anchor 2026 | range 0.03815,6,52.010848045995715,3,2,3,0.001084804599571504,fxcm_m30/d1
2026-03-28 16:32:47.241437+00:00,NZD/USD,invest,resistance,Y_IB,Y IB 200,short,fresh,0.68558,0.68558,0.68558,0.57442,1111.6,1111.6,IB,Y,0,,,D1,H4,Anchor 2026 | range 0.03815,7,52.008987956138775,3,2,3,0.0008987956138774058,fxcm_m30/d1
2026-03-28 16:32:47.249043+00:00,NZD/USD,invest,support,Y_IB,Y IB -300,long,fresh,0.45665,0.45665,0.45665,0.57442,-1177.7,1177.7,IB,Y,0,,,D1,H4,Anchor 2026 | range 0.03815,8,52.00848392296598,3,2,3,0.0008483922965979481,fxcm_m30/d1
2026-03-28 16:32:47.241437+00:00,NZD/USD,invest,resistance,Y_IB,Y IB 300,short,fresh,0.72373,0.72373,0.72373,0.57442,1493.15,1493.15,IB,Y,0,,,D1,H4,Anchor 2026 | range 0.03815,9,52.00669276846367,3,2,3,0.000669276846367501,fxcm_m30/d1
2026-03-28 16:32:47.227914+00:00,NZD/USD,invest,resistance,Y_POC,Y_POC,short,crossed,0.57835,0.57045,0.59425,0.57442,39.3,39.3,POC,Y,52,2026-01-05T15:30:00+00:00,2026-01-05T16:00:00+00:00,D1,H4,Profile 2025 | close 0.57544,17,27.248138957816515,0,3,3,0.024813895781651458,fxcm_m30
2026-03-28 16:32:47.222269+00:00,NZD/USD,invest,resistance,M_IB,M IB LOW,short,crossed,0.58361,0.58361,0.58361,0.57442,91.85,91.85,IB,M,66,2026-03-13T04:00:00+00:00,2026-03-13T04:00:00+00:00,D1,H4,Anchor 2026-03 | range 0.01598,19,18.107700592353257,0,2,2,0.010770059235325797,fxcm_m30/d1
2026-03-28 16:32:46.275122+00:00,USD/CAD,invest,resistance,Y_IB,Y IB HIGH,short,fresh,1.39288,1.39288,1.39288,1.38936,35.2,35.2,IB,Y,0,,,D1,H4,Anchor 2026 | range 0.04471,2,52.27624309392265,3,2,3,0.027624309392265442,fxcm_m30/d1
2026-03-28 16:32:46.263241+00:00,USD/CAD,invest,resistance,M_IB,M IB 150,short,fresh,1.39602,1.39602,1.39602,1.38936,66.63,66.63,IB,M,0,,,D1,H4,Anchor 2026-03 | range 0.01381,10,48.147874306839185,3,2,2,0.014787430683918634,fxcm_m30/d1
2026-03-28 16:32:46.263241+00:00,USD/CAD,invest,resistance,M_IB,M IB 200,short,fresh,1.40293,1.40293,1.40293,1.38936,135.7,135.7,IB,M,0,,,D1,H4,Anchor 2026-03 | range 0.01381,11,48.07315288953914,3,2,2,0.007315288953913755,fxcm_m30/d1
2026-03-28 16:32:46.271362+00:00,USD/CAD,invest,resistance,Y_POC,Y_POC,short,fresh,1.40335,1.37865,1.41265,1.38936,139.9,139.9,POC,Y,0,,,D1,H4,Profile 2025 | close 1.37215,1,57.070972320794915,3,3,3,0.0070972320794913755,fxcm_m30
2026-03-28 16:32:46.263241+00:00,USD/CAD,invest,resistance,M_IB,M IB 300,short,fresh,1.41674,1.41674,1.41674,1.38936,273.85,273.85,IB,M,0,,,D1,H4,Anchor 2026-03 | range 0.01381,12,48.036383481899215,3,2,2,0.003638348189921806,fxcm_m30/d1
2026-03-28 16:32:46.277057+00:00,USD/CAD,invest,support,Y_IB,Y IB LOW,long,fresh,1.34817,1.34817,1.34817,1.38936,-411.9,411.9,IB,Y,0,,,D1,H4,Anchor 2026 | range 0.04471,3,52.02421893921046,3,2,3,0.0024218939210462675,fxcm_m30/d1
2026-03-28 16:32:46.263241+00:00,USD/CAD,invest,support,M_IB,M IB -150,long,fresh,1.34076,1.34076,1.34076,1.38936,-485.97,485.97,IB,M,0,,,D1,H4,Anchor 2026-03 | range 0.01381,13,48.020534935058265,3,2,2,0.0020534935058268036,fxcm_m30/d1
2026-03-28 16:32:46.263241+00:00,USD/CAD,invest,support,M_IB,M IB -200,long,fresh,1.33386,1.33386,1.33386,1.38936,-555.05,555.05,IB,M,0,,,D1,H4,Anchor 2026-03 | range 0.01381,14,48.01798399424512,3,2,2,0.0017983994245121943,fxcm_m30/d1
2026-03-28 16:32:46.271362+00:00,USD/CAD,invest,support,M_IB,M IB -300,long,fresh,1.32004,1.32004,1.32004,1.38936,-693.2,693.2,IB,M,0,,,D1,H4,Anchor 2026-03 | range 0.01381,15,48.01440507058484,3,2,2,0.001440507058484595,fxcm_m30/d1
2026-03-28 16:32:46.277057+00:00,USD/CAD,invest,resistance,Y_IB,Y IB 150,short,fresh,1.45994,1.45994,1.45994,1.38936,705.85,705.85,IB,Y,0,,,D1,H4,Anchor 2026 | range 0.04471,4,52.01414727311311,3,2,3,0.0014147273113107514,fxcm_m30/d1
2026-03-28 16:32:46.277057+00:00,USD/CAD,invest,resistance,Y_IB,Y IB 200,short,fresh,1.4823,1.4823,1.4823,1.38936,929.4,929.4,IB,Y,0,,,D1,H4,Anchor 2026 | range 0.04471,5,52.01074806534824,3,2,3,0.0010748065348237367,fxcm_m30/d1
2026-03-28 16:32:46.277057+00:00,USD/CAD,invest,support,Y_IB,Y IB -150,long,fresh,1.28111,1.28111,1.28111,1.38936,-1082.55,1082.55,IB,Y,0,,,D1,H4,Anchor 2026 | range 0.04471,6,52.00922892344608,3,2,3,0.0009228923446080054,fxcm_m30/d1
2026-03-28 16:32:46.277057+00:00,USD/CAD,invest,support,Y_IB,Y IB -200,long,fresh,1.25875,1.25875,1.25875,1.38936,-1306.1,1306.1,IB,Y,0,,,D1,H4,Anchor 2026 | range 0.04471,7,52.0076505240609,3,2,3,0.0007650524060898204,fxcm_m30/d1
2026-03-28 16:32:46.277057+00:00,USD/CAD,invest,resistance,Y_IB,Y IB 300,short,fresh,1.52701,1.52701,1.52701,1.38936,1376.5,1376.5,IB,Y,0,,,D1,H4,Anchor 2026 | range 0.04471,8,52.007259528130675,3,2,3,0.0007259528130671538,fxcm_m30/d1
2026-03-28 16:32:46.287063+00:00,USD/CAD,invest,support,Y_IB,Y IB -300,long,fresh,1.21404,1.21404,1.21404,1.38936,-1753.2,1753.2,IB,Y,0,,,D1,H4,Anchor 2026 | range 0.04471,9,52.00570060426405,3,2,3,0.0005700604264052014,fxcm_m30/d1
2026-03-28 16:32:46.254744+00:00,USD/CAD,invest,support,M_IB,M IB HIGH,long,crossed,1.3753,1.3753,1.3753,1.38936,-140.6,140.6,IB,M,18,2026-03-23T10:30:00+00:00,2026-03-24T03:30:00+00:00,D1,H4,Anchor 2026-03 | range 0.01381,18,18.070621468926554,0,2,2,0.007062146892655387,fxcm_m30/d1
2026-03-28 16:32:46.254744+00:00,USD/CAD,invest,support,M_POC,M_POC,long,crossed,1.36855,1.36305,1.37015,1.38936,-208.1,208.1,POC,M,59,2026-03-02T08:30:00+00:00,2026-03-02T15:30:00+00:00,D1,H4,Profile 2026-02 | close 1.36444,16,23.047824007651837,0,3,2,0.004782400765183718,fxcm_m30
2026-03-28 16:32:46.254744+00:00,USD/CAD,invest,support,M_IB,M IB LOW,long,crossed,1.36148,1.36148,1.36148,1.38936,-278.75,278.75,IB,M,6,2026-03-06T16:00:00+00:00,2026-03-06T16:30:00+00:00,D1,H4,Anchor 2026-03 | range 0.01381,19,18.03574620196604,0,2,2,0.0035746201966041277,fxcm_m30/d1
2026-03-28 16:32:44.478699+00:00,USD/CHF,invest,resistance,Y_IB,Y IB HIGH,short,fresh,0.80418,0.80418,0.80418,0.79892,52.6,52.6,IB,Y,0,,,D1,H4,Anchor 2026 | range 0.04379,1,52.18656716417911,3,2,3,0.018656716417910685,fxcm_m30/d1
2026-03-28 16:32:44.470956+00:00,USD/CHF,invest,resistance,M_IB,M IB 150,short,fresh,0.82028,0.82028,0.82028,0.79892,213.7,213.7,IB,M,0,,,D1,H4,Anchor 2026-03 | range 0.02160,9,48.04657661853749,3,2,2,0.004657661853749418,fxcm_m30/d1
2026-03-28 16:32:44.470956+00:00,USD/CHF,invest,resistance,M_IB,M IB 200,short,fresh,0.83109,0.83109,0.83109,0.79892,321.7,321.7,IB,M,0,,,D1,H4,Anchor 2026-03 | range 0.02160,10,48.03098853424233,3,2,2,0.0030988534242330306,fxcm_m30/d1
2026-03-28 16:32:44.470956+00:00,USD/CHF,invest,support,M_IB,M IB LOW,long,fresh,0.76628,0.76628,0.76628,0.79892,-326.3,326.3,IB,M,0,,,D1,H4,Anchor 2026-03 | range 0.02160,11,48.03055300947143,3,2,2,0.003055300947143279,fxcm_m30/d1
2026-03-28 16:32:44.486880+00:00,USD/CHF,invest,support,Y_IB,Y IB LOW,long,fresh,0.76039,0.76039,0.76039,0.79892,-385.25,385.25,IB,Y,0,,,D1,H4,Anchor 2026 | range 0.04379,2,52.02588996763754,3,2,3,0.002588996763754036,fxcm_m30/d1
2026-03-28 16:32:44.478699+00:00,USD/CHF,invest,resistance,M_IB,M IB 300,short,fresh,0.85269,0.85269,0.85269,0.79892,537.7,537.7,IB,M,0,,,D1,H4,Anchor 2026-03 | range 0.02160,12,48.018563207722295,3,2,2,0.001856320772229438,fxcm_m30/d1
2026-03-28 16:32:44.470956+00:00,USD/CHF,invest,support,M_IB,M IB -150,long,fresh,0.73388,0.73388,0.73388,0.79892,-650.3,650.3,IB,M,0,,,D1,H4,Anchor 2026-03 | range 0.02160,13,48.01535390756948,3,2,2,0.0015353907569476374,fxcm_m30/d1
2026-03-28 16:32:44.486880+00:00,USD/CHF,invest,resistance,Y_IB,Y IB 150,short,fresh,0.86985,0.86985,0.86985,0.79892,709.38,709.38,IB,Y,0,,,D1,H4,Anchor 2026 | range 0.04379,3,52.014077071969034,3,2,3,0.0014077071969030423,fxcm_m30/d1
2026-03-28 16:32:44.470956+00:00,USD/CHF,invest,support,M_IB,M IB -200,long,fresh,0.72308,0.72308,0.72308,0.79892,-758.3,758.3,IB,M,0,,,D1,H4,Anchor 2026-03 | range 0.02160,14,48.01317002502305,3,2,2,0.0013170025023047495,fxcm_m30/d1
2026-03-28 16:32:44.492196+00:00,USD/CHF,invest,resistance,Y_IB,Y IB 200,short,fresh,0.89175,0.89175,0.89175,0.79892,928.3,928.3,IB,Y,0,,,D1,H4,Anchor 2026 | range 0.04379,4,52.01076078768966,3,2,3,0.0010760787689658873,fxcm_m30/d1
2026-03-28 16:32:44.478699+00:00,USD/CHF,invest,support,M_IB,M IB -300,long,fresh,0.70148,0.70148,0.70148,0.79892,-974.3,974.3,IB,M,0,,,D1,H4,Anchor 2026-03 | range 0.02160,15,48.01025325540859,3,2,2,0.001025325540859219,fxcm_m30/d1
2026-03-28 16:32:44.486880+00:00,USD/CHF,invest,support,Y_IB,Y IB -150,long,fresh,0.69471,0.69471,0.69471,0.79892,-1042.03,1042.03,IB,Y,0,,,D1,H4,Anchor 2026 | range 0.04379,5,52.009587497902736,3,2,3,0.0009587497902734816,fxcm_m30/d1
2026-03-28 16:32:44.495356+00:00,USD/CHF,invest,support,Y_IB,Y IB -200,long,fresh,0.67282,0.67282,0.67282,0.79892,-1260.95,1260.95,IB,Y,0,,,D1,H4,Anchor 2026 | range 0.04379,6,52.00792424422521,3,2,3,0.0007924244225207003,fxcm_m30/d1
2026-03-28 16:32:44.495356+00:00,USD/CHF,invest,resistance,Y_IB,Y IB 300,short,fresh,0.93553,0.93553,0.93553,0.79892,1366.15,1366.15,IB,Y,0,,,D1,H4,Anchor 2026 | range 0.04379,7,52.0073144863402,3,2,3,0.0007314486340196752,fxcm_m30/d1
2026-03-28 16:32:44.495356+00:00,USD/CHF,invest,support,Y_IB,Y IB -300,long,fresh,0.62903,0.62903,0.62903,0.79892,-1698.8,1698.8,IB,Y,0,,,D1,H4,Anchor 2026 | range 0.04379,8,52.005883045064124,3,2,3,0.0005883045064125179,fxcm_m30/d1
2026-03-28 16:32:44.478699+00:00,USD/CHF,invest,support,Y_POC,Y_POC,long,crossed,0.79545,0.79195,0.80605,0.79892,-34.65,34.65,POC,Y,56,2026-01-05T09:00:00+00:00,2026-01-05T09:00:00+00:00,D1,H4,Profile 2025 | close 0.79319,16,27.280504908835795,0,3,3,0.02805049088357958,fxcm_m30
2026-03-28 16:32:44.462735+00:00,USD/CHF,invest,support,M_IB,M IB HIGH,long,crossed,0.78788,0.78788,0.78788,0.79892,-110.3,110.3,IB,M,77,2026-03-13T07:00:00+00:00,2026-03-13T07:00:00+00:00,D1,H4,Anchor 2026-03 | range 0.02160,19,18.08984725965858,0,2,2,0.008984725965857965,fxcm_m30/d1
2026-03-28 16:32:44.462735+00:00,USD/CHF,invest,support,M_POC,M_POC,long,crossed,0.77555,0.77045,0.77855,0.79892,-233.65,233.65,POC,M,17,2026-03-02T12:00:00+00:00,2026-03-02T12:00:00+00:00,D1,H4,Profile 2026-02 | close 0.76915,17,23.042616663115275,0,3,2,0.004261666311527551,fxcm_m30
2026-03-28 16:32:43.521211+00:00,USD/JPY,invest,resistance,M_IB,M IB 150,short,fresh,161.617,161.617,161.617,160.2935,132.35,132.35,IB,M,0,,,D1,H4,Anchor 2026-03 | range 2.43100,9,48.074990626171726,3,2,2,0.007499062617172718,fxcm_m30/d1
2026-03-28 16:32:43.521211+00:00,USD/JPY,invest,resistance,M_IB,M IB 200,short,fresh,162.8325,162.8325,162.8325,160.2935,253.9,253.9,IB,M,0,,,D1,H4,Anchor 2026-03 | range 2.43100,10,48.03923107100824,3,2,2,0.0039231071008237845,fxcm_m30/d1
2026-03-28 16:32:43.515655+00:00,USD/JPY,invest,support,M_IB,M IB LOW,long,fresh,155.5395,155.5395,155.5395,160.2935,-475.4,475.4,IB,M,0,,,D1,H4,Anchor 2026-03 | range 2.43100,11,48.02099076406381,3,2,2,0.0020990764063811966,fxcm_m30/d1
2026-03-28 16:32:43.528094+00:00,USD/JPY,invest,resistance,M_IB,M IB 300,short,fresh,165.2635,165.2635,165.2635,160.2935,497.0,497.0,IB,M,0,,,D1,H4,Anchor 2026-03 | range 2.43100,12,48.02008032128514,3,2,2,0.002008032128514034,fxcm_m30/d1
2026-03-28 16:32:43.537042+00:00,USD/JPY,invest,support,Y_IB,Y IB LOW,long,fresh,152.0945,152.0945,152.0945,160.2935,-819.9,819.9,IB,Y,0,,,D1,H4,Anchor 2026 | range 7.36100,2,52.0121817517359,3,2,3,0.0012181751735899605,fxcm_m30/d1
2026-03-28 16:32:43.521211+00:00,USD/JPY,invest,support,M_IB,M IB -150,long,fresh,151.893,151.893,151.893,160.2935,-840.05,840.05,IB,M,0,,,D1,H4,Anchor 2026-03 | range 2.43100,13,48.01188989953035,3,2,2,0.0011889899530348937,fxcm_m30/d1
2026-03-28 16:32:43.525962+00:00,USD/JPY,invest,support,M_IB,M IB -200,long,fresh,150.6775,150.6775,150.6775,160.2935,-961.6,961.6,IB,M,0,,,D1,H4,Anchor 2026-03 | range 2.43100,14,48.01038853106171,3,2,2,0.0010388531061707859,fxcm_m30/d1
2026-03-28 16:32:43.537042+00:00,USD/JPY,invest,resistance,Y_IB,Y IB 150,short,fresh,170.497,170.497,170.497,160.2935,1020.35,1020.35,IB,Y,0,,,D1,H4,Anchor 2026 | range 7.36100,3,52.0097909629412,3,2,3,0.0009790962941205249,fxcm_m30/d1
2026-03-28 16:32:43.528094+00:00,USD/JPY,invest,support,M_IB,M IB -300,long,fresh,148.2465,148.2465,148.2465,160.2935,-1204.7,1204.7,IB,M,0,,,D1,H4,Anchor 2026-03 | range 2.43100,15,48.00829393713196,3,2,2,0.0008293937131956523,fxcm_m30/d1
2026-03-28 16:32:43.528094+00:00,USD/JPY,invest,support,Y_POC,Y_POC,long,fresh,147.3985,146.1715,154.1975,160.2935,-1289.5,1289.5,POC,Y,0,,,D1,H4,Profile 2025 | close 156.85850,1,57.00774893452151,3,3,3,0.0007748934521508799,fxcm_m30
2026-03-28 16:32:43.542486+00:00,USD/JPY,invest,resistance,Y_IB,Y IB 200,short,fresh,174.1775,174.1775,174.1775,160.2935,1388.4,1388.4,IB,Y,0,,,D1,H4,Anchor 2026 | range 7.36100,4,52.00719735137469,3,2,3,0.0007197351374694091,fxcm_m30/d1
2026-03-28 16:32:43.537042+00:00,USD/JPY,invest,support,Y_IB,Y IB -150,long,fresh,141.053,141.053,141.053,160.2935,-1924.05,1924.05,IB,Y,0,,,D1,H4,Anchor 2026 | range 7.36100,5,52.0051946702683,3,2,3,0.0005194670268304705,fxcm_m30/d1
2026-03-28 16:32:43.545087+00:00,USD/JPY,invest,resistance,Y_IB,Y IB 300,short,fresh,181.5385,181.5385,181.5385,160.2935,2124.5,2124.5,IB,Y,0,,,D1,H4,Anchor 2026 | range 7.36100,6,52.00470477534698,3,2,3,0.0004704775346977169,fxcm_m30/d1
2026-03-28 16:32:43.545087+00:00,USD/JPY,invest,support,Y_IB,Y IB -200,long,fresh,137.3725,137.3725,137.3725,160.2935,-2292.1,2292.1,IB,Y,0,,,D1,H4,Anchor 2026 | range 7.36100,7,52.004360908813396,3,2,3,0.0004360908813396703,fxcm_m30/d1
2026-03-28 16:32:43.545087+00:00,USD/JPY,invest,support,Y_IB,Y IB -300,long,fresh,130.0115,130.0115,130.0115,160.2935,-3028.2,3028.2,IB,Y,0,,,D1,H4,Anchor 2026 | range 7.36100,8,52.0033012016374,3,2,3,0.0003301201637396005,fxcm_m30/d1
2026-03-28 16:32:43.537042+00:00,USD/JPY,invest,support,Y_IB,Y IB HIGH,long,crossed,159.4555,159.4555,159.4555,160.2935,-83.8,83.8,IB,Y,76,2026-03-13T04:00:00+00:00,2026-03-13T04:30:00+00:00,D1,H4,Anchor 2026 | range 7.36100,17,22.117924528301888,0,2,3,0.011792452830188765,fxcm_m30/d1
2026-03-28 16:32:43.515655+00:00,USD/JPY,invest,support,M_IB,M IB HIGH,long,crossed,157.9705,157.9705,157.9705,160.2935,-232.3,232.3,IB,M,22,2026-03-06T11:30:00+00:00,2026-03-06T12:30:00+00:00,D1,H4,Anchor 2026-03 | range 2.43100,19,18.042863266180884,0,2,2,0.004286326618088337,fxcm_m30/d1
2026-03-28 16:32:43.515655+00:00,USD/JPY,invest,support,M_POC,M_POC,long,crossed,155.9245,154.1115,157.1805,160.2935,-436.9,436.9,POC,M,2,2026-03-01T18:00:00+00:00,2026-03-01T18:30:00+00:00,D1,H4,Profile 2026-02 | close 156.05900,16,23.0228362639873,0,3,2,0.002283626398730285,fxcm_m30
