asof_time,symbol,table_type,signal_side,level_tag,level_name,direction,status,level_price,zone_low,zone_high,last_price,distance_pips,distance_pips_abs,level_family,level_period,touch_count,first_touch_time,first_cross_time,build_timeframe,entry_timeframe,notes,rank,strength_score,fresh_score,family_score,period_score,distance_score,source_data
2026-03-28 15:35:16.410810+00:00,AUD/JPY,swing,support,M_IB,M_IB_LOW,long,fresh,109.532,109.532,109.532,110.1885,-65.65,65.65,IB,M,0,,,H4,H1,Anchor 2026-03 | range 2.56200,14,48.15003750937735,3,2,2,0.015003750937734567,fxcm_m30/d1
2026-03-28 15:35:16.406599+00:00,AUD/JPY,swing,support,M_POC,M_POC,long,fresh,109.2005,108.0675,110.1505,110.1885,-98.8,98.8,POC,M,0,,,H4,H1,Profile 2026-02 | close 111.07000,2,53.10020040080273,3,3,2,0.010020040080272756,fxcm_m30
2026-03-28 15:35:16.393126+00:00,AUD/JPY,swing,support,W_IB,W_IB_1_DOWN,long,fresh,108.7815,108.7815,108.7815,110.1885,-140.7,140.7,IB,W,0,,,H4,H1,Anchor 2026-W13 | range 1.50050,23,44.07057163020466,3,2,1,0.007057163020465861,fxcm_m30/d1
2026-03-28 15:35:16.386176+00:00,AUD/JPY,swing,resistance,W_IB,W_IB_HIGH,short,fresh,111.7825,111.7825,111.7825,110.1885,159.4,159.4,IB,W,0,,,H4,H1,Anchor 2026-W13 | range 1.50050,24,44.062344139650875,3,2,1,0.006234413965087305,fxcm_m30/d1
2026-03-28 15:35:16.383883+00:00,AUD/JPY,swing,resistance,W_POC,W_POC,short,fresh,112.2545,111.9075,113.0145,110.1885,206.6,206.6,POC,W,0,,,H4,H1,Profile 2026-W12 | close 111.56550,13,49.04816955683996,3,3,1,0.004816955683995633,fxcm_m30
2026-03-28 15:35:16.397738+00:00,AUD/JPY,swing,support,W_IB,W_IB_1_5_DOWN,long,fresh,108.03125,108.03125,108.03125,110.1885,-215.72,215.72,IB,W,0,,,H4,H1,Anchor 2026-W13 | range 1.50050,25,44.04614142346291,3,2,1,0.004614142346291434,fxcm_m30/d1
2026-03-28 15:35:16.460767+00:00,AUD/JPY,swing,support,Y_IB,Y_IB_MID,long,fresh,108.02225,108.02225,108.02225,110.1885,-216.63,216.63,IB,Y,0,,,H4,H1,Anchor 2026 | range 6.91250,3,52.045950603101666,3,2,3,0.00459506031016656,fxcm_m30/d1
2026-03-28 15:35:16.401065+00:00,AUD/JPY,swing,support,W_IB,W_IB_2_DOWN,long,fresh,107.281,107.281,107.281,110.1885,-290.75,290.75,IB,W,0,,,H4,H1,Anchor 2026-W13 | range 1.50050,26,44.03427592116538,3,2,1,0.003427592116538167,fxcm_m30/d1
2026-03-28 15:35:16.392083+00:00,AUD/JPY,swing,resistance,W_IB,W_IB_1_UP,short,fresh,113.283,113.283,113.283,110.1885,309.45,309.45,IB,W,0,,,H4,H1,Anchor 2026-W13 | range 1.50050,27,44.03221130616846,3,2,1,0.0032211306168465313,fxcm_m30/d1
2026-03-28 15:35:16.417690+00:00,AUD/JPY,swing,support,M_IB,M_IB_1_DOWN,long,fresh,106.97,106.97,106.97,110.1885,-321.85,321.85,IB,M,0,,,H4,H1,Anchor 2026-03 | range 2.56200,15,48.030974136595944,3,2,2,0.0030974136595942605,fxcm_m30/d1
2026-03-28 15:35:16.395412+00:00,AUD/JPY,swing,resistance,W_IB,W_IB_1_5_UP,short,fresh,114.03325,114.03325,114.03325,110.1885,384.47,384.47,IB,W,0,,,H4,H1,Anchor 2026-W13 | range 1.50050,28,44.025942019586225,3,2,1,0.0025942019586224947,fxcm_m30/d1
2026-03-28 15:35:16.404390+00:00,AUD/JPY,swing,support,W_IB,W_IB_3_DOWN,long,fresh,105.7805,105.7805,105.7805,110.1885,-440.8,440.8,IB,W,0,,,H4,H1,Anchor 2026-W13 | range 1.50050,29,44.02263467632413,3,2,1,0.0022634676324128776,fxcm_m30/d1
2026-03-28 15:35:16.415521+00:00,AUD/JPY,swing,resistance,M_IB,M_IB_1_UP,short,fresh,114.656,114.656,114.656,110.1885,446.75,446.75,IB,M,0,,,H4,H1,Anchor 2026-03 | range 2.56200,16,48.022333891680624,3,2,2,0.0022333891680625484,fxcm_m30/d1
2026-03-28 15:35:16.420517+00:00,AUD/JPY,swing,support,M_IB,M_IB_1_5_DOWN,long,fresh,105.689,105.689,105.689,110.1885,-449.95,449.95,IB,M,0,,,H4,H1,Anchor 2026-03 | range 2.56200,17,48.022175407473114,3,2,2,0.002217540747311247,fxcm_m30/d1
2026-03-28 15:35:16.398980+00:00,AUD/JPY,swing,resistance,W_IB,W_IB_2_UP,short,fresh,114.7835,114.7835,114.7835,110.1885,459.5,459.5,IB,W,0,,,H4,H1,Anchor 2026-W13 | range 1.50050,30,44.02171552660152,3,2,1,0.0021715526601520227,fxcm_m30/d1
2026-03-28 15:35:16.457630+00:00,AUD/JPY,swing,support,Y_IB,Y_IB_LOW,long,fresh,104.566,104.566,104.566,110.1885,-562.25,562.25,IB,Y,0,,,H4,H1,Anchor 2026 | range 6.91250,4,52.017754105636925,3,2,3,0.0017754105636928533,fxcm_m30/d1
2026-03-28 15:35:16.419118+00:00,AUD/JPY,swing,resistance,M_IB,M_IB_1_5_UP,short,fresh,115.937,115.937,115.937,110.1885,574.85,574.85,IB,M,0,,,H4,H1,Anchor 2026-03 | range 2.56200,18,48.01736563341148,3,2,2,0.0017365633411478793,fxcm_m30/d1
2026-03-28 15:35:16.425015+00:00,AUD/JPY,swing,support,M_IB,M_IB_2_DOWN,long,fresh,104.408,104.408,104.408,110.1885,-578.05,578.05,IB,M,0,,,H4,H1,Anchor 2026-03 | range 2.56200,19,48.01726966583197,3,2,2,0.0017269665831966268,fxcm_m30/d1
2026-03-28 15:35:16.402111+00:00,AUD/JPY,swing,resistance,W_IB,W_IB_3_UP,short,fresh,116.284,116.284,116.284,110.1885,609.55,609.55,IB,W,0,,,H4,H1,Anchor 2026-W13 | range 1.50050,31,44.016378674965196,3,2,1,0.0016378674965195426,fxcm_m30/d1
2026-03-28 15:35:16.422915+00:00,AUD/JPY,swing,resistance,M_IB,M_IB_2_UP,short,fresh,117.218,117.218,117.218,110.1885,702.95,702.95,IB,M,0,,,H4,H1,Anchor 2026-03 | range 2.56200,20,48.014205554371756,3,2,2,0.0014205554371759447,fxcm_m30/d1
2026-03-28 15:35:16.388262+00:00,AUD/JPY,swing,resistance,W_IB,W_IB_LOW,short,crossed,110.282,110.282,110.282,110.1885,9.35,9.35,IB,W,14,2026-03-26T12:30:00+00:00,2026-03-26T12:30:00+00:00,H4,H1,Anchor 2026-W13 | range 1.50050,35,14.966183574879171,0,2,1,0.09661835748791718,fxcm_m30/d1
2026-03-28 15:35:16.413152+00:00,AUD/JPY,swing,resistance,M_IB,M_IB_MID,short,crossed,110.813,110.813,110.813,110.1885,62.45,62.45,IB,M,63,2026-03-06T02:00:00+00:00,2026-03-06T02:00:00+00:00,H4,H1,Anchor 2026-03 | range 2.56200,33,18.15760441292356,0,2,2,0.015760441292356247,fxcm_m30/d1
2026-03-28 15:35:16.390491+00:00,AUD/JPY,swing,resistance,W_IB,W_IB_MID,short,crossed,111.03225,111.03225,111.03225,110.1885,84.38,84.38,IB,W,11,2026-03-24T00:00:00+00:00,2026-03-24T22:30:00+00:00,H4,H1,Anchor 2026-W13 | range 1.50050,36,14.117130307467058,0,2,1,0.01171303074670571,fxcm_m30/d1
2026-03-28 15:35:16.453641+00:00,AUD/JPY,swing,resistance,Y_IB,Y_IB_HIGH,short,crossed,111.4785,111.4785,111.4785,110.1885,129.0,129.0,IB,Y,49,2026-03-02T14:30:00+00:00,2026-03-02T15:00:00+00:00,H4,H1,Anchor 2026 | range 6.91250,32,22.076923076923077,0,2,3,0.00769230769230774,fxcm_m30/d1
2026-03-28 15:35:16.408732+00:00,AUD/JPY,swing,resistance,M_IB,M_IB_HIGH,short,crossed,112.094,112.094,112.094,110.1885,190.55,190.55,IB,M,27,2026-03-10T09:30:00+00:00,2026-03-10T09:30:00+00:00,H4,H1,Anchor 2026-03 | range 2.56200,34,18.052205690420255,0,2,2,0.00522056904202561,fxcm_m30/d1
2026-03-28 15:35:06.669202+00:00,AUD/USD,swing,support,M_IB,M_IB_1_DOWN,long,fresh,0.67656,0.67656,0.67656,0.68736,-108.1,108.1,IB,M,0,,,H4,H1,Anchor 2026-03 | range 0.01786,11,48.0916590284143,3,2,2,0.009165902841429893,fxcm_m30/d1
2026-03-28 15:35:06.646802+00:00,AUD/USD,swing,support,W_IB,W_IB_1_DOWN,long,fresh,0.67588,0.67588,0.67588,0.68736,-114.9,114.9,IB,W,0,,,H4,H1,Anchor 2026-W13 | range 0.01519,19,44.0862812769629,3,2,1,0.008628127696289905,fxcm_m30/d1
2026-03-28 15:35:06.639993+00:00,AUD/USD,swing,resistance,W_IB,W_IB_HIGH,short,fresh,0.70626,0.70626,0.70626,0.68736,188.9,188.9,IB,W,0,,,H4,H1,Anchor 2026-W13 | range 0.01519,20,44.052659294365455,3,2,1,0.0052659294365455305,fxcm_m30/d1
2026-03-28 15:35:06.651015+00:00,AUD/USD,swing,support,W_IB,W_IB_1_5_DOWN,long,fresh,0.66828,0.66828,0.66828,0.68736,-190.85,190.85,IB,W,0,,,H4,H1,Anchor 2026-W13 | range 0.01519,21,44.0521240552515,3,2,1,0.005212405525149852,fxcm_m30/d1
2026-03-28 15:35:06.672325+00:00,AUD/USD,swing,support,M_IB,M_IB_1_5_DOWN,long,fresh,0.66762,0.66762,0.66762,0.68736,-197.4,197.4,IB,M,0,,,H4,H1,Anchor 2026-03 | range 0.01786,12,48.05040322580645,3,2,2,0.005040322580645167,fxcm_m30/d1
2026-03-28 15:35:06.684421+00:00,AUD/USD,swing,support,Y_IB,Y_IB_LOW,long,fresh,0.66629,0.66629,0.66629,0.68736,-210.75,210.75,IB,Y,0,,,H4,H1,Anchor 2026 | range 0.04842,2,52.04722550177096,3,2,3,0.004722550177095642,fxcm_m30/d1
2026-03-28 15:35:06.654143+00:00,AUD/USD,swing,support,W_IB,W_IB_2_DOWN,long,fresh,0.66068,0.66068,0.66068,0.68736,-266.8,266.8,IB,W,0,,,H4,H1,Anchor 2026-W13 | range 0.01519,22,44.03734129947722,3,2,1,0.003734129947722176,fxcm_m30/d1
2026-03-28 15:35:06.675442+00:00,AUD/USD,swing,support,M_IB,M_IB_2_DOWN,long,fresh,0.6587,0.6587,0.6587,0.68736,-286.7,286.7,IB,M,0,,,H4,H1,Anchor 2026-03 | range 0.01786,13,48.03475842891901,3,2,2,0.0034758428919012896,fxcm_m30/d1
2026-03-28 15:35:06.686430+00:00,AUD/USD,swing,resistance,Y_IB,Y_IB_MID,short,crossed,0.6905,0.6905,0.6905,0.68736,31.38,31.38,IB,Y,10,2026-03-26T12:30:00+00:00,2026-03-26T12:30:00+00:00,H4,H1,Anchor 2026 | range 0.04842,29,22.30888030888031,0,2,3,0.03088803088803074,fxcm_m30/d1
2026-03-28 15:35:06.642110+00:00,AUD/USD,swing,resistance,W_IB,W_IB_LOW,short,crossed,0.69106,0.69106,0.69106,0.68736,37.0,37.0,IB,W,10,2026-03-26T11:30:00+00:00,2026-03-26T11:30:00+00:00,H4,H1,Anchor 2026-W13 | range 0.01519,35,14.263157894736839,0,2,1,0.02631578947368396,fxcm_m30/d1
2026-03-28 15:35:06.662966+00:00,AUD/USD,swing,resistance,M_IB,M_IB_LOW,short,crossed,0.69442,0.69442,0.69442,0.68736,70.5,70.5,IB,M,16,2026-03-23T09:30:00+00:00,2026-03-23T09:30:00+00:00,H4,H1,Anchor 2026-03 | range 0.01786,32,18.13986013986014,0,2,2,0.013986013986013986,fxcm_m30/d1
2026-03-28 15:35:06.643534+00:00,AUD/USD,swing,resistance,W_IB,W_IB_MID,short,crossed,0.69866,0.69866,0.69866,0.68736,112.95,112.95,IB,W,16,2026-03-24T00:00:00+00:00,2026-03-24T01:30:00+00:00,H4,H1,Anchor 2026-W13 | range 0.01519,36,14.08775778850373,0,2,1,0.008775778850372928,fxcm_m30/d1
2026-03-28 15:35:06.664975+00:00,AUD/USD,swing,resistance,M_IB,M_IB_MID,short,crossed,0.70334,0.70334,0.70334,0.68736,159.8,159.8,IB,M,53,2026-03-06T01:30:00+00:00,2026-03-06T02:00:00+00:00,H4,H1,Anchor 2026-03 | range 0.01786,33,18.062189054726367,0,2,2,0.006218905472636819,fxcm_m30/d1
2026-03-28 15:35:06.637985+00:00,AUD/USD,swing,resistance,W_POC,W_POC,short,crossed,0.70375,0.70295,0.70915,0.68736,163.85,163.85,POC,W,3,2026-03-23T11:00:00+00:00,2026-03-23T14:00:00+00:00,H4,H1,Profile 2026-W12 | close 0.70101,31,19.060661207158024,0,3,1,0.006066120715802414,fxcm_m30
2026-03-28 15:35:06.658270+00:00,AUD/USD,swing,resistance,M_POC,M_POC,short,crossed,0.70735,0.70195,0.71305,0.68736,199.85,199.85,POC,M,69,2026-03-01T18:00:00+00:00,2026-03-02T00:30:00+00:00,H4,H1,Profile 2026-02 | close 0.71138,28,23.04978839930297,0,3,2,0.004978839930296729,fxcm_m30
2026-03-28 15:35:06.660718+00:00,AUD/USD,swing,resistance,M_IB,M_IB_HIGH,short,crossed,0.71228,0.71228,0.71228,0.68736,249.1,249.1,IB,M,15,2026-03-10T11:30:00+00:00,2026-03-10T13:00:00+00:00,H4,H1,Anchor 2026-03 | range 0.01786,34,18.03998400639744,0,2,2,0.003998400639744105,fxcm_m30/d1
2026-03-28 15:35:06.682274+00:00,AUD/USD,swing,resistance,Y_IB,Y_IB_HIGH,short,crossed,0.71472,0.71472,0.71472,0.68736,273.5,273.5,IB,Y,23,2026-03-10T14:30:00+00:00,2026-03-10T16:00:00+00:00,H4,H1,Anchor 2026 | range 0.04842,30,22.036429872495447,0,2,3,0.0036429872495446288,fxcm_m30/d1
2026-03-28 15:35:17.727657+00:00,CAD/JPY,swing,resistance,W_IB,W_IB_MID,short,fresh,115.79575,115.79575,115.79575,115.39,40.57,40.57,IB,W,0,,,H4,H1,Anchor 2026-W13 | range 1.21150,21,44.24052916416115,3,2,1,0.02405291641611559,fxcm_m30/d1
2026-03-28 15:35:17.723131+00:00,CAD/JPY,swing,resistance,W_IB,W_IB_HIGH,short,fresh,116.4015,116.4015,116.4015,115.39,101.15,101.15,IB,W,0,,,H4,H1,Anchor 2026-W13 | range 1.21150,22,44.09789525208028,3,2,1,0.009789525208027429,fxcm_m30/d1
2026-03-28 15:35:17.747696+00:00,CAD/JPY,swing,support,M_IB,M_IB_LOW,long,fresh,114.0345,114.0345,114.0345,115.39,-135.55,135.55,IB,M,0,,,H4,H1,Anchor 2026-03 | range 1.68500,12,48.07323324789454,3,2,2,0.007323324789454454,fxcm_m30/d1
2026-03-28 15:35:17.730789+00:00,CAD/JPY,swing,support,W_IB,W_IB_1_DOWN,long,fresh,113.9785,113.9785,113.9785,115.39,-141.15,141.15,IB,W,0,,,H4,H1,Anchor 2026-W13 | range 1.21150,23,44.07034822370735,3,2,1,0.00703482237073512,fxcm_m30/d1
2026-03-28 15:35:17.771195+00:00,CAD/JPY,swing,support,Y_IB,Y_IB_MID,long,fresh,113.58275,113.58275,113.58275,115.39,-180.72,180.72,IB,Y,0,,,H4,H1,Anchor 2026 | range 3.70450,2,52.055028201953505,3,2,3,0.005502820195350129,fxcm_m30/d1
2026-03-28 15:35:17.751019+00:00,CAD/JPY,swing,resistance,M_IB,M_IB_1_UP,short,fresh,117.4045,117.4045,117.4045,115.39,201.45,201.45,IB,M,0,,,H4,H1,Anchor 2026-03 | range 1.68500,13,48.04939491232403,3,2,2,0.004939491232403102,fxcm_m30/d1
2026-03-28 15:35:17.734099+00:00,CAD/JPY,swing,support,W_IB,W_IB_1_5_DOWN,long,fresh,113.37275,113.37275,113.37275,115.39,-201.73,201.73,IB,W,0,,,H4,H1,Anchor 2026-W13 | range 1.21150,24,44.04932790726353,3,2,1,0.004932790726353424,fxcm_m30/d1
2026-03-28 15:35:17.728700+00:00,CAD/JPY,swing,resistance,W_IB,W_IB_1_UP,short,fresh,117.613,117.613,117.613,115.39,222.3,222.3,IB,W,0,,,H4,H1,Anchor 2026-W13 | range 1.21150,25,44.04478280340349,3,2,1,0.004478280340349308,fxcm_m30/d1
2026-03-28 15:35:17.737610+00:00,CAD/JPY,swing,support,W_IB,W_IB_2_DOWN,long,fresh,112.767,112.767,112.767,115.39,-262.3,262.3,IB,W,0,,,H4,H1,Anchor 2026-W13 | range 1.21150,26,44.03797949107482,3,2,1,0.003797949107481953,fxcm_m30/d1
2026-03-28 15:35:17.732012+00:00,CAD/JPY,swing,resistance,W_IB,W_IB_1_5_UP,short,fresh,118.21875,118.21875,118.21875,115.39,282.87,282.87,IB,W,0,,,H4,H1,Anchor 2026-W13 | range 1.21150,27,44.03522677234698,3,2,1,0.0035226772346983715,fxcm_m30/d1
2026-03-28 15:35:17.754585+00:00,CAD/JPY,swing,resistance,M_IB,M_IB_1_5_UP,short,fresh,118.247,118.247,118.247,115.39,285.7,285.7,IB,M,0,,,H4,H1,Anchor 2026-03 | range 1.68500,14,48.034879665155216,3,2,2,0.003487966515521469,fxcm_m30/d1
2026-03-28 15:35:17.753345+00:00,CAD/JPY,swing,support,M_IB,M_IB_1_DOWN,long,fresh,112.3495,112.3495,112.3495,115.39,-304.05,304.05,IB,M,0,,,H4,H1,Anchor 2026-03 | range 1.68500,15,48.03278151122767,3,2,2,0.0032781511227667807,fxcm_m30/d1
2026-03-28 15:35:17.736547+00:00,CAD/JPY,swing,resistance,W_IB,W_IB_2_UP,short,fresh,118.8245,118.8245,118.8245,115.39,343.45,343.45,IB,W,0,,,H4,H1,Anchor 2026-W13 | range 1.21150,28,44.02903178980984,3,2,1,0.0029031789809841778,fxcm_m30/d1
2026-03-28 15:35:17.768983+00:00,CAD/JPY,swing,support,Y_IB,Y_IB_LOW,long,fresh,111.7305,111.7305,111.7305,115.39,-365.95,365.95,IB,Y,0,,,H4,H1,Anchor 2026 | range 3.70450,3,52.027251669164734,3,2,3,0.0027251669164736385,fxcm_m30/d1
2026-03-28 15:35:17.759101+00:00,CAD/JPY,swing,resistance,M_IB,M_IB_2_UP,short,fresh,119.0895,119.0895,119.0895,115.39,369.95,369.95,IB,M,0,,,H4,H1,Anchor 2026-03 | range 1.68500,16,48.026957811025746,3,2,2,0.0026957811025744914,fxcm_m30/d1
2026-03-28 15:35:17.773517+00:00,CAD/JPY,swing,resistance,Y_IB,Y_IB_1_UP,short,fresh,119.1395,119.1395,119.1395,115.39,374.95,374.95,IB,Y,0,,,H4,H1,Anchor 2026 | range 3.70450,4,52.026599281819394,3,2,3,0.0026599281819390894,fxcm_m30/d1
2026-03-28 15:35:17.741211+00:00,CAD/JPY,swing,support,W_IB,W_IB_3_DOWN,long,fresh,111.5555,111.5555,111.5555,115.39,-383.45,383.45,IB,W,0,,,H4,H1,Anchor 2026-W13 | range 1.21150,29,44.02601118480947,3,2,1,0.0026011184809468036,fxcm_m30/d1
2026-03-28 15:35:17.756819+00:00,CAD/JPY,swing,support,M_IB,M_IB_1_5_DOWN,long,fresh,111.507,111.507,111.507,115.39,-388.3,388.3,IB,M,0,,,H4,H1,Anchor 2026-03 | range 1.68500,17,48.02568713074749,3,2,2,0.0025687130747495722,fxcm_m30/d1
2026-03-28 15:35:17.740159+00:00,CAD/JPY,swing,resistance,W_IB,W_IB_3_UP,short,fresh,120.036,120.036,120.036,115.39,464.6,464.6,IB,W,0,,,H4,H1,Anchor 2026-W13 | range 1.21150,30,44.02147766323024,3,2,1,0.0021477663230240547,fxcm_m30/d1
2026-03-28 15:35:17.760159+00:00,CAD/JPY,swing,support,M_IB,M_IB_2_DOWN,long,fresh,110.6645,110.6645,110.6645,115.39,-472.55,472.55,IB,M,0,,,H4,H1,Anchor 2026-03 | range 1.68500,18,48.021117094287824,3,2,2,0.002111709428782614,fxcm_m30/d1
2026-03-28 15:35:17.762247+00:00,CAD/JPY,swing,resistance,M_IB,M_IB_3_UP,short,fresh,120.7745,120.7745,120.7745,115.39,538.45,538.45,IB,M,0,,,H4,H1,Anchor 2026-03 | range 1.68500,19,48.01853739920289,3,2,2,0.0018537399202891974,fxcm_m30/d1
2026-03-28 15:35:17.776852+00:00,CAD/JPY,swing,resistance,Y_IB,Y_IB_1_5_UP,short,fresh,120.99175,120.99175,120.99175,115.39,560.17,560.17,IB,Y,0,,,H4,H1,Anchor 2026 | range 3.70450,5,52.01781975319642,3,2,3,0.0017819753196418246,fxcm_m30/d1
2026-03-28 15:35:17.763485+00:00,CAD/JPY,swing,support,M_IB,M_IB_3_DOWN,long,fresh,108.9795,108.9795,108.9795,115.39,-641.05,641.05,IB,M,0,,,H4,H1,Anchor 2026-03 | range 1.68500,20,48.01557511097266,3,2,2,0.0015575110972665786,fxcm_m30/d1
2026-03-28 15:35:17.774560+00:00,CAD/JPY,swing,support,Y_IB,Y_IB_1_DOWN,long,fresh,108.026,108.026,108.026,115.39,-736.4,736.4,IB,Y,0,,,H4,H1,Anchor 2026 | range 3.70450,6,52.013561160835366,3,2,3,0.0013561160835367527,fxcm_m30/d1
2026-03-28 15:35:17.780013+00:00,CAD/JPY,swing,resistance,Y_IB,Y_IB_2_UP,short,fresh,122.844,122.844,122.844,115.39,745.4,745.4,IB,Y,0,,,H4,H1,Anchor 2026 | range 3.70450,7,52.01339764201501,3,2,3,0.0013397642015005372,fxcm_m30/d1
2026-03-28 15:35:17.721981+00:00,CAD/JPY,swing,resistance,W_POC,W_POC,short,tested,116.3435,115.8525,116.4925,115.39,95.35,95.35,POC,W,6,2026-03-23T01:00:00+00:00,,H4,H1,Profile 2026-W12 | close 116.09200,31,29.103788271924437,1,3,1,0.010378827192443759,fxcm_m30
2026-03-28 15:35:17.767821+00:00,CAD/JPY,swing,resistance,Y_IB,Y_IB_HIGH,short,crossed,115.435,115.435,115.435,115.39,4.5,4.5,IB,Y,78,2026-03-03T16:30:00+00:00,2026-03-03T18:00:00+00:00,H4,H1,Anchor 2026 | range 3.70450,32,23.818181818181763,0,2,3,0.1818181818181762,fxcm_m30/d1
2026-03-28 15:35:17.725371+00:00,CAD/JPY,swing,support,W_IB,W_IB_LOW,long,crossed,115.19,115.19,115.19,115.39,-20.0,20.0,IB,W,22,2026-03-25T08:30:00+00:00,2026-03-25T08:30:00+00:00,H4,H1,Anchor 2026-W13 | range 1.21150,36,14.47619047619047,0,2,1,0.04761904761904698,fxcm_m30/d1
2026-03-28 15:35:17.745596+00:00,CAD/JPY,swing,resistance,M_IB,M_IB_HIGH,short,crossed,115.7195,115.7195,115.7195,115.39,32.95,32.95,IB,M,20,2026-03-06T15:00:00+00:00,2026-03-06T15:00:00+00:00,H4,H1,Anchor 2026-03 | range 1.68500,34,18.29455081001473,0,2,2,0.02945508100147311,fxcm_m30/d1
2026-03-28 15:35:17.748739+00:00,CAD/JPY,swing,support,M_IB,M_IB_MID,long,crossed,114.877,114.877,114.877,115.39,-51.3,51.3,IB,M,9,2026-03-19T19:00:00+00:00,2026-03-19T19:00:00+00:00,H4,H1,Anchor 2026-03 | range 1.68500,35,18.191204588910136,0,2,2,0.019120458891013714,fxcm_m30/d1
2026-03-28 15:35:17.743301+00:00,CAD/JPY,swing,support,M_POC,M_POC,long,crossed,114.7625,112.9845,114.9685,115.39,-62.75,62.75,POC,M,6,2026-03-02T05:00:00+00:00,2026-03-02T05:00:00+00:00,H4,H1,Profile 2026-02 | close 114.39100,33,23.15686274510155,0,3,2,0.015686274510155047,fxcm_m30
2026-03-28 15:35:19.127460+00:00,CHF/JPY,swing,resistance,W_IB,W_IB_HIGH,short,fresh,202.383,202.383,202.383,200.587,179.6,179.6,IB,W,0,,,H4,H1,Anchor 2026-W13 | range 1.83750,19,44.055370985603545,3,2,1,0.005537098560354398,fxcm_m30/d1
2026-03-28 15:35:19.135165+00:00,CHF/JPY,swing,support,W_IB,W_IB_1_DOWN,long,fresh,198.708,198.708,198.708,200.587,-187.9,187.9,IB,W,0,,,H4,H1,Anchor 2026-W13 | range 1.83750,20,44.052938062466914,3,2,1,0.005293806246691477,fxcm_m30/d1
2026-03-28 15:35:19.138683+00:00,CHF/JPY,swing,support,W_IB,W_IB_1_5_DOWN,long,fresh,197.78925,197.78925,197.78925,200.587,-279.77,279.77,IB,W,0,,,H4,H1,Anchor 2026-W13 | range 1.83750,21,44.03561570652658,3,2,1,0.0035615706526578843,fxcm_m30/d1
2026-03-28 15:35:19.132889+00:00,CHF/JPY,swing,resistance,W_IB,W_IB_1_UP,short,fresh,204.2205,204.2205,204.2205,200.587,363.35,363.35,IB,W,0,,,H4,H1,Anchor 2026-W13 | range 1.83750,22,44.02744613695622,3,2,1,0.0027446136956223643,fxcm_m30/d1
2026-03-28 15:35:19.141811+00:00,CHF/JPY,swing,support,W_IB,W_IB_2_DOWN,long,fresh,196.8705,196.8705,196.8705,200.587,-371.65,371.65,IB,W,0,,,H4,H1,Anchor 2026-W13 | range 1.83750,23,44.02683483161143,3,2,1,0.0026834831611432072,fxcm_m30/d1
2026-03-28 15:35:19.156836+00:00,CHF/JPY,swing,support,M_IB,M_IB_1_DOWN,long,fresh,196.8265,196.8265,196.8265,200.587,-376.05,376.05,IB,M,0,,,H4,H1,Anchor 2026-03 | range 3.59600,11,48.026521681474605,3,2,2,0.0026521681474605636,fxcm_m30/d1
2026-03-28 15:35:19.172760+00:00,CHF/JPY,swing,support,Y_IB,Y_IB_LOW,long,fresh,196.089,196.089,196.089,200.587,-449.8,449.8,IB,Y,0,,,H4,H1,Anchor 2026 | range 7.58000,2,52.02218278615794,3,2,3,0.0022182786157941485,fxcm_m30/d1
2026-03-28 15:35:19.137484+00:00,CHF/JPY,swing,resistance,W_IB,W_IB_1_5_UP,short,fresh,205.13925,205.13925,205.13925,200.587,455.22,455.22,IB,W,0,,,H4,H1,Anchor 2026-W13 | range 1.83750,24,44.021919009260785,3,2,1,0.0021919009260781613,fxcm_m30/d1
2026-03-28 15:35:19.140806+00:00,CHF/JPY,swing,resistance,W_IB,W_IB_2_UP,short,fresh,206.058,206.058,206.058,200.587,547.1,547.1,IB,W,0,,,H4,H1,Anchor 2026-W13 | range 1.83750,25,44.018244845831056,3,2,1,0.0018244845831052905,fxcm_m30/d1
2026-03-28 15:35:19.145956+00:00,CHF/JPY,swing,support,W_IB,W_IB_3_DOWN,long,fresh,195.033,195.033,195.033,200.587,-555.4,555.4,IB,W,0,,,H4,H1,Anchor 2026-W13 | range 1.83750,26,44.017972681524085,3,2,1,0.0017972681524083662,fxcm_m30/d1
2026-03-28 15:35:19.159990+00:00,CHF/JPY,swing,support,M_IB,M_IB_1_5_DOWN,long,fresh,195.0285,195.0285,195.0285,200.587,-555.85,555.85,IB,M,0,,,H4,H1,Anchor 2026-03 | range 3.59600,12,48.01795815749304,3,2,2,0.0017958157493041275,fxcm_m30/d1
2026-03-28 15:35:19.154654+00:00,CHF/JPY,swing,resistance,M_IB,M_IB_1_UP,short,fresh,207.6145,207.6145,207.6145,200.587,702.75,702.75,IB,M,0,,,H4,H1,Anchor 2026-03 | range 3.59600,13,48.01420959147425,3,2,2,0.0014209591474245052,fxcm_m30/d1
2026-03-28 15:35:19.143947+00:00,CHF/JPY,swing,resistance,W_IB,W_IB_3_UP,short,fresh,207.8955,207.8955,207.8955,200.587,730.85,730.85,IB,W,0,,,H4,H1,Anchor 2026-W13 | range 1.83750,27,44.01366400218624,3,2,1,0.0013664002186240492,fxcm_m30/d1
2026-03-28 15:35:19.163004+00:00,CHF/JPY,swing,support,M_IB,M_IB_2_DOWN,long,fresh,193.2305,193.2305,193.2305,200.587,-735.65,735.65,IB,M,0,,,H4,H1,Anchor 2026-03 | range 3.59600,14,48.01357496775945,3,2,2,0.0013574967759451603,fxcm_m30/d1
2026-03-28 15:35:19.149082+00:00,CHF/JPY,swing,resistance,M_IB,M_IB_HIGH,short,tested,204.0185,204.0185,204.0185,200.587,343.15,343.15,IB,M,1,2026-03-11T09:00:00+00:00,,H4,H1,Anchor 2026-03 | range 3.59600,28,28.02905709719599,1,2,2,0.0029057097195989883,fxcm_m30/d1
2026-03-28 15:35:19.129745+00:00,CHF/JPY,swing,support,W_IB,W_IB_LOW,long,crossed,200.5455,200.5455,200.5455,200.587,-4.15,4.15,IB,W,10,2026-03-27T09:30:00+00:00,2026-03-27T09:30:00+00:00,H4,H1,Anchor 2026-W13 | range 1.83750,35,15.9417475728161,0,2,1,0.19417475728161,fxcm_m30/d1
2026-03-28 15:35:19.151280+00:00,CHF/JPY,swing,support,M_IB,M_IB_LOW,long,crossed,200.4225,200.4225,200.4225,200.587,-16.45,16.45,IB,M,11,2026-03-19T09:30:00+00:00,2026-03-19T10:00:00+00:00,H4,H1,Anchor 2026-03 | range 3.59600,33,18.57306590257888,0,2,2,0.05730659025788772,fxcm_m30/d1
2026-03-28 15:35:19.147073+00:00,CHF/JPY,swing,support,M_POC,M_POC,long,crossed,200.0075,198.3055,201.7355,200.587,-57.95,57.95,POC,M,11,2026-03-19T11:00:00+00:00,2026-03-19T11:00:00+00:00,H4,H1,Profile 2026-02 | close 202.84500,29,23.16963528414234,0,3,2,0.016963528414234087,fxcm_m30
2026-03-28 15:35:19.174769+00:00,CHF/JPY,swing,support,Y_IB,Y_IB_MID,long,crossed,199.879,199.879,199.879,200.587,-70.8,70.8,IB,Y,4,2026-03-19T13:30:00+00:00,2026-03-19T13:30:00+00:00,H4,H1,Anchor 2026 | range 7.58000,30,22.139275766016713,0,2,3,0.01392757660167134,fxcm_m30/d1
2026-03-28 15:35:19.131846+00:00,CHF/JPY,swing,resistance,W_IB,W_IB_MID,short,crossed,201.46425,201.46425,201.46425,200.587,87.73,87.73,IB,W,23,2026-03-24T00:00:00+00:00,2026-03-24T07:00:00+00:00,H4,H1,Anchor 2026-W13 | range 1.83750,36,14.112707805015496,0,2,1,0.011270780501549687,fxcm_m30/d1
2026-03-28 15:35:19.126415+00:00,CHF/JPY,swing,resistance,W_POC,W_POC,short,crossed,202.0625,201.3225,202.5695,200.587,147.55,147.55,POC,W,7,2026-03-23T00:00:00+00:00,2026-03-23T03:30:00+00:00,H4,H1,Profile 2026-W12 | close 202.02900,32,19.067317401547744,0,3,1,0.006731740154774334,fxcm_m30
2026-03-28 15:35:19.153650+00:00,CHF/JPY,swing,resistance,M_IB,M_IB_MID,short,crossed,202.2205,202.2205,202.2205,200.587,163.35,163.35,IB,M,44,2026-03-06T14:00:00+00:00,2026-03-06T14:00:00+00:00,H4,H1,Anchor 2026-03 | range 3.59600,34,18.06084575600852,0,2,2,0.0060845756008517425,fxcm_m30/d1
2026-03-28 15:35:19.170615+00:00,CHF/JPY,swing,resistance,Y_IB,Y_IB_HIGH,short,crossed,203.669,203.669,203.669,200.587,308.2,308.2,IB,Y,18,2026-03-02T04:30:00+00:00,2026-03-02T04:30:00+00:00,H4,H1,Anchor 2026 | range 7.58000,31,22.032341526520053,0,2,3,0.0032341526520051813,fxcm_m30/d1
2026-03-28 15:35:13.992562+00:00,EUR/CHF,swing,resistance,W_IB,W_IB_1_5_UP,short,fresh,0.92272,0.92272,0.92272,0.91968,30.45,30.45,IB,W,0,,,H4,H1,Anchor 2026-W13 | range 0.00535,18,44.31796502384738,3,2,1,0.03179650238473804,fxcm_m30/d1
2026-03-28 15:35:14.011607+00:00,EUR/CHF,swing,resistance,M_IB,M_IB_1_UP,short,fresh,0.92438,0.92438,0.92438,0.91968,47.05,47.05,IB,M,0,,,H4,H1,Anchor 2026-03 | range 0.01129,10,48.20811654526535,3,2,2,0.020811654526535037,fxcm_m30/d1
2026-03-28 15:35:13.995703+00:00,EUR/CHF,swing,resistance,W_IB,W_IB_2_UP,short,fresh,0.9254,0.9254,0.9254,0.91968,57.2,57.2,IB,W,0,,,H4,H1,Anchor 2026-W13 | range 0.00535,19,44.171821305841924,3,2,1,0.017182130584192597,fxcm_m30/d1
2026-03-28 15:35:13.986150+00:00,EUR/CHF,swing,support,W_IB,W_IB_LOW,long,fresh,0.90934,0.90934,0.90934,0.91968,-103.3,103.3,IB,W,0,,,H4,H1,Anchor 2026-W13 | range 0.00535,20,44.09587727708533,3,2,1,0.009587727708533124,fxcm_m30/d1
2026-03-28 15:35:14.014194+00:00,EUR/CHF,swing,resistance,M_IB,M_IB_1_5_UP,short,fresh,0.93002,0.93002,0.93002,0.91968,103.5,103.5,IB,M,0,,,H4,H1,Anchor 2026-03 | range 0.01129,11,48.09569377990431,3,2,2,0.00956937799043065,fxcm_m30/d1
2026-03-28 15:35:14.000027+00:00,EUR/CHF,swing,resistance,W_IB,W_IB_3_UP,short,fresh,0.93074,0.93074,0.93074,0.91968,110.7,110.7,IB,W,0,,,H4,H1,Anchor 2026-W13 | range 0.00535,21,44.08952551477171,3,2,1,0.008952551477171064,fxcm_m30/d1
2026-03-28 15:35:14.026200+00:00,EUR/CHF,swing,resistance,Y_IB,Y_IB_HIGH,short,fresh,0.935,0.935,0.935,0.91968,153.2,153.2,IB,Y,0,,,H4,H1,Anchor 2026 | range 0.03321,1,52.06485084306096,3,2,3,0.00648508430609598,fxcm_m30/d1
2026-03-28 15:35:13.991554+00:00,EUR/CHF,swing,support,W_IB,W_IB_1_DOWN,long,fresh,0.904,0.904,0.904,0.91968,-156.8,156.8,IB,W,0,,,H4,H1,Anchor 2026-W13 | range 0.00535,22,44.06337135614702,3,2,1,0.006337135614702188,fxcm_m30/d1
2026-03-28 15:35:14.018464+00:00,EUR/CHF,swing,resistance,M_IB,M_IB_2_UP,short,fresh,0.93567,0.93567,0.93567,0.91968,159.95,159.95,IB,M,0,,,H4,H1,Anchor 2026-03 | range 0.01129,12,48.062131096613854,3,2,2,0.00621310966138553,fxcm_m30/d1
2026-03-28 15:35:13.994571+00:00,EUR/CHF,swing,support,W_IB,W_IB_1_5_DOWN,long,fresh,0.90132,0.90132,0.90132,0.91968,-183.55,183.55,IB,W,0,,,H4,H1,Anchor 2026-W13 | range 0.00535,23,44.0541858574912,3,2,1,0.0054185857491195095,fxcm_m30/d1
2026-03-28 15:35:13.997725+00:00,EUR/CHF,swing,support,W_IB,W_IB_2_DOWN,long,fresh,0.89865,0.89865,0.89865,0.91968,-210.3,210.3,IB,W,0,,,H4,H1,Anchor 2026-W13 | range 0.00535,24,44.04732607666824,3,2,1,0.004732607666824447,fxcm_m30/d1
2026-03-28 15:35:14.002121+00:00,EUR/CHF,swing,support,W_IB,W_IB_3_DOWN,long,fresh,0.8933,0.8933,0.8933,0.91968,-263.8,263.8,IB,W,0,,,H4,H1,Anchor 2026-W13 | range 0.00535,25,44.03776435045317,3,2,1,0.0037764350453172424,fxcm_m30/d1
2026-03-28 15:35:14.021586+00:00,EUR/CHF,swing,resistance,M_IB,M_IB_3_UP,short,fresh,0.94696,0.94696,0.94696,0.91968,272.85,272.85,IB,M,0,,,H4,H1,Anchor 2026-03 | range 0.01129,13,48.03651634106262,3,2,2,0.003651634106262552,fxcm_m30/d1
2026-03-28 15:35:14.012735+00:00,EUR/CHF,swing,support,M_IB,M_IB_1_DOWN,long,fresh,0.89051,0.89051,0.89051,0.91968,-291.65,291.65,IB,M,0,,,H4,H1,Anchor 2026-03 | range 0.01129,14,48.03417051084914,3,2,2,0.003417051084913707,fxcm_m30/d1
2026-03-28 15:35:13.989874+00:00,EUR/CHF,swing,resistance,W_IB,W_IB_1_UP,short,tested,0.92004,0.92004,0.92004,0.91968,3.7,3.7,IB,W,1,2026-03-27T20:30:00+00:00,,H4,H1,Anchor 2026-W13 | range 0.00535,27,26.12765957446817,1,2,1,0.2127659574468169,fxcm_m30/d1
2026-03-28 15:35:14.030569+00:00,EUR/CHF,swing,support,Y_IB,Y_IB_MID,long,crossed,0.91839,0.91839,0.91839,0.91968,-12.83,12.83,IB,Y,6,2026-03-27T09:30:00+00:00,2026-03-27T09:30:00+00:00,H4,H1,Anchor 2026 | range 0.03321,29,22.723327305605746,0,2,3,0.07233273056057472,fxcm_m30/d1
2026-03-28 15:35:13.983723+00:00,EUR/CHF,swing,support,W_IB,W_IB_HIGH,long,crossed,0.9147,0.9147,0.9147,0.91968,-49.8,49.8,IB,W,9,2026-03-24T13:00:00+00:00,2026-03-24T13:00:00+00:00,H4,H1,Anchor 2026-W13 | range 0.00535,35,14.196850393700789,0,2,1,0.019685039370078802,fxcm_m30/d1
2026-03-28 15:35:14.004311+00:00,EUR/CHF,swing,support,M_POC,M_POC,long,crossed,0.91315,0.91075,0.91635,0.91968,-65.25,65.25,POC,M,47,2026-03-19T16:00:00+00:00,2026-03-19T16:30:00+00:00,H4,H1,Profile 2026-02 | close 0.90884,28,23.1509433962264,0,3,2,0.015094339622639731,fxcm_m30
2026-03-28 15:35:14.005315+00:00,EUR/CHF,swing,support,M_IB,M_IB_HIGH,long,crossed,0.91309,0.91309,0.91309,0.91968,-65.85,65.85,IB,M,48,2026-03-19T16:00:00+00:00,2026-03-19T16:30:00+00:00,H4,H1,Anchor 2026-03 | range 0.01129,32,18.149588631264024,0,2,2,0.01495886312640225,fxcm_m30/d1
2026-03-28 15:35:13.987841+00:00,EUR/CHF,swing,support,W_IB,W_IB_MID,long,crossed,0.91202,0.91202,0.91202,0.91968,-76.55,76.55,IB,W,4,2026-03-24T08:30:00+00:00,2026-03-24T09:00:00+00:00,H4,H1,Anchor 2026-W13 | range 0.00535,36,14.12894906511928,0,2,1,0.012894906511927843,fxcm_m30/d1
2026-03-28 15:35:13.981384+00:00,EUR/CHF,swing,support,W_POC,W_POC,long,crossed,0.91105,0.90635,0.91385,0.91968,-86.25,86.25,POC,W,7,2026-03-23T02:00:00+00:00,2026-03-23T02:00:00+00:00,H4,H1,Profile 2026-W12 | close 0.91080,31,19.114613180515747,0,3,1,0.011461318051574774,fxcm_m30
2026-03-28 15:35:14.009598+00:00,EUR/CHF,swing,support,M_IB,M_IB_MID,long,crossed,0.90744,0.90744,0.90744,0.91968,-122.3,122.3,IB,M,7,2026-03-18T11:00:00+00:00,2026-03-18T13:30:00+00:00,H4,H1,Anchor 2026-03 | range 0.01129,33,18.08110300081103,0,2,2,0.008110300081102952,fxcm_m30/d1
2026-03-28 15:35:14.025075+00:00,EUR/CHF,swing,resistance,Y_POC,Y_POC,short,crossed,0.93465,0.92825,0.93695,0.91968,149.75,149.75,POC,Y,3,2026-01-14T09:00:00+00:00,2026-01-14T09:00:00+00:00,H4,H1,Profile 2025 | close 0.93118,26,27.066334991708136,0,3,3,0.006633499170813403,fxcm_m30
2026-03-28 15:35:14.007417+00:00,EUR/CHF,swing,support,M_IB,M_IB_LOW,long,crossed,0.9018,0.9018,0.9018,0.91968,-178.75,178.75,IB,M,13,2026-03-06T15:00:00+00:00,2026-03-06T17:00:00+00:00,H4,H1,Anchor 2026-03 | range 0.01129,34,18.055632823365787,0,2,2,0.005563282336578555,fxcm_m30/d1
2026-03-28 15:35:14.028223+00:00,EUR/CHF,swing,support,Y_IB,Y_IB_LOW,long,crossed,0.90179,0.90179,0.90179,0.91968,-178.85,178.85,IB,Y,14,2026-03-06T15:00:00+00:00,2026-03-06T17:00:00+00:00,H4,H1,Anchor 2026 | range 0.03321,30,22.055601890464274,0,2,3,0.005560189046427567,fxcm_m30/d1
2026-03-28 15:35:10.011158+00:00,EUR/GBP,swing,support,W_IB,W_IB_LOW,long,fresh,0.86308,0.86308,0.86308,0.8679,-48.25,48.25,IB,W,0,,,H4,H1,Anchor 2026-W13 | range 0.00485,20,44.203045685279186,3,2,1,0.020304568527918912,fxcm_m30/d1
2026-03-28 15:35:10.015295+00:00,EUR/GBP,swing,resistance,W_IB,W_IB_1_UP,short,fresh,0.87278,0.87278,0.87278,0.8679,48.75,48.75,IB,W,0,,,H4,H1,Anchor 2026-W13 | range 0.00485,21,44.201005025125625,3,2,1,0.02010050251256252,fxcm_m30/d1
2026-03-28 15:35:10.036434+00:00,EUR/GBP,swing,resistance,M_IB,M_IB_MID,short,fresh,0.8736,0.8736,0.8736,0.8679,56.95,56.95,IB,M,0,,,H4,H1,Anchor 2026-03 | range 0.01032,10,48.1725625539258,3,2,2,0.017256255392579793,fxcm_m30/d1
2026-03-28 15:35:10.018408+00:00,EUR/GBP,swing,resistance,W_IB,W_IB_1_5_UP,short,fresh,0.8752,0.8752,0.8752,0.8679,73.0,73.0,IB,W,0,,,H4,H1,Anchor 2026-W13 | range 0.00485,22,44.13513513513514,3,2,1,0.01351351351351336,fxcm_m30/d1
2026-03-28 15:35:10.016300+00:00,EUR/GBP,swing,support,W_IB,W_IB_1_DOWN,long,fresh,0.85822,0.85822,0.85822,0.8679,-96.75,96.75,IB,W,0,,,H4,H1,Anchor 2026-W13 | range 0.00485,23,44.10230179028133,3,2,1,0.010230179028133004,fxcm_m30/d1
2026-03-28 15:35:10.023867+00:00,EUR/GBP,swing,resistance,W_IB,W_IB_2_UP,short,fresh,0.87763,0.87763,0.87763,0.8679,97.25,97.25,IB,W,0,,,H4,H1,Anchor 2026-W13 | range 0.00485,24,44.10178117048346,3,2,1,0.01017811704834596,fxcm_m30/d1
2026-03-28 15:35:10.039628+00:00,EUR/GBP,swing,support,M_IB,M_IB_1_DOWN,long,fresh,0.85812,0.85812,0.85812,0.8679,-97.85,97.85,IB,M,0,,,H4,H1,Anchor 2026-03 | range 0.01032,11,48.10116337885685,3,2,2,0.010116337885685564,fxcm_m30/d1
2026-03-28 15:35:10.031851+00:00,EUR/GBP,swing,resistance,M_IB,M_IB_HIGH,short,fresh,0.87876,0.87876,0.87876,0.8679,108.55,108.55,IB,M,0,,,H4,H1,Anchor 2026-03 | range 0.01032,12,48.09128251939754,3,2,2,0.009128251939753581,fxcm_m30/d1
2026-03-28 15:35:10.053494+00:00,EUR/GBP,swing,resistance,Y_IB,Y_IB_HIGH,short,fresh,0.87893,0.87893,0.87893,0.8679,110.3,110.3,IB,Y,0,,,H4,H1,Anchor 2026 | range 0.01771,1,52.08984725965858,3,2,3,0.008984725965858054,fxcm_m30/d1
2026-03-28 15:35:10.021400+00:00,EUR/GBP,swing,support,W_IB,W_IB_1_5_DOWN,long,fresh,0.8558,0.8558,0.8558,0.8679,-121.0,121.0,IB,W,0,,,H4,H1,Anchor 2026-W13 | range 0.00485,25,44.08196721311475,3,2,1,0.00819672131147541,fxcm_m30/d1
2026-03-28 15:35:10.026022+00:00,EUR/GBP,swing,support,W_IB,W_IB_2_DOWN,long,fresh,0.85338,0.85338,0.85338,0.8679,-145.25,145.25,IB,W,0,,,H4,H1,Anchor 2026-W13 | range 0.00485,26,44.06837606837607,3,2,1,0.006837606837606833,fxcm_m30/d1
2026-03-28 15:35:10.027159+00:00,EUR/GBP,swing,resistance,W_IB,W_IB_3_UP,short,fresh,0.88248,0.88248,0.88248,0.8679,145.75,145.75,IB,W,0,,,H4,H1,Anchor 2026-W13 | range 0.00485,27,44.06814310051107,3,2,1,0.0068143100511072726,fxcm_m30/d1
2026-03-28 15:35:10.042983+00:00,EUR/GBP,swing,support,M_IB,M_IB_1_5_DOWN,long,fresh,0.85296,0.85296,0.85296,0.8679,-149.45,149.45,IB,M,0,,,H4,H1,Anchor 2026-03 | range 0.01032,13,48.06646726487205,3,2,2,0.006646726487205156,fxcm_m30/d1
2026-03-28 15:35:10.028163+00:00,EUR/GBP,swing,support,W_IB,W_IB_3_DOWN,long,fresh,0.84852,0.84852,0.84852,0.8679,-193.75,193.75,IB,W,0,,,H4,H1,Anchor 2026-W13 | range 0.00485,28,44.05134788189987,3,2,1,0.005134788189987155,fxcm_m30/d1
2026-03-28 15:35:10.047218+00:00,EUR/GBP,swing,support,M_IB,M_IB_2_DOWN,long,fresh,0.8478,0.8478,0.8478,0.8679,-201.05,201.05,IB,M,0,,,H4,H1,Anchor 2026-03 | range 0.01032,14,48.04949269982678,3,2,2,0.004949269982677627,fxcm_m30/d1
2026-03-28 15:35:10.038623+00:00,EUR/GBP,swing,resistance,M_IB,M_IB_1_UP,short,fresh,0.88907,0.88907,0.88907,0.8679,211.75,211.75,IB,M,0,,,H4,H1,Anchor 2026-03 | range 0.01032,15,48.047003525264394,3,2,2,0.00470035252643952,fxcm_m30/d1
2026-03-28 15:35:10.061630+00:00,EUR/GBP,swing,support,Y_IB,Y_IB_1_DOWN,long,fresh,0.84351,0.84351,0.84351,0.8679,-243.9,243.9,IB,Y,0,,,H4,H1,Anchor 2026 | range 0.01771,2,52.040832993058395,3,2,3,0.004083299305839115,fxcm_m30/d1
2026-03-28 15:35:10.041978+00:00,EUR/GBP,swing,resistance,M_IB,M_IB_1_5_UP,short,fresh,0.89423,0.89423,0.89423,0.8679,263.35,263.35,IB,M,0,,,H4,H1,Anchor 2026-03 | range 0.01032,16,48.03782863627766,3,2,2,0.0037828636277662513,fxcm_m30/d1
2026-03-28 15:35:10.059135+00:00,EUR/GBP,swing,resistance,Y_IB,Y_IB_1_UP,short,fresh,0.89664,0.89664,0.89664,0.8679,287.4,287.4,IB,Y,0,,,H4,H1,Anchor 2026 | range 0.01771,3,52.034674063800274,3,2,3,0.0034674063800277407,fxcm_m30/d1
2026-03-28 15:35:10.010154+00:00,EUR/GBP,swing,resistance,W_IB,W_IB_HIGH,short,tested,0.86792,0.86792,0.86792,0.8679,0.25,0.25,IB,W,2,2026-03-27T17:30:00+00:00,,H4,H1,Anchor 2026-W13 | range 0.00485,30,31.999999999996625,1,2,1,0.7999999999996623,fxcm_m30/d1
2026-03-28 15:35:10.055602+00:00,EUR/GBP,swing,support,Y_IB,Y_IB_LOW,long,tested,0.86122,0.86122,0.86122,0.8679,-66.8,66.8,IB,Y,1,2026-03-19T15:00:00+00:00,,H4,H1,Anchor 2026 | range 0.01771,29,32.147492625368734,1,2,3,0.014749262536873115,fxcm_m30/d1
2026-03-28 15:35:10.034304+00:00,EUR/GBP,swing,resistance,M_IB,M_IB_LOW,short,crossed,0.86844,0.86844,0.86844,0.8679,5.35,5.35,IB,M,6,2026-03-06T08:00:00+00:00,2026-03-06T08:00:00+00:00,H4,H1,Anchor 2026-03 | range 0.01032,34,19.574803149606144,0,2,2,0.15748031496061424,fxcm_m30/d1
2026-03-28 15:35:10.057729+00:00,EUR/GBP,swing,resistance,Y_IB,Y_IB_MID,short,crossed,0.87008,0.87008,0.87008,0.8679,21.75,21.75,IB,Y,42,2026-03-03T14:00:00+00:00,2026-03-03T15:30:00+00:00,H4,H1,Anchor 2026 | range 0.01771,33,22.439560439560452,0,2,3,0.04395604395604537,fxcm_m30/d1
2026-03-28 15:35:10.013167+00:00,EUR/GBP,swing,support,W_IB,W_IB_MID,long,crossed,0.8655,0.8655,0.8655,0.8679,-24.0,24.0,IB,W,61,2026-03-24T09:00:00+00:00,2026-03-24T13:00:00+00:00,H4,H1,Anchor 2026-W13 | range 0.00485,36,14.400000000000007,0,2,1,0.040000000000000674,fxcm_m30/d1
2026-03-28 15:35:10.030713+00:00,EUR/GBP,swing,resistance,M_POC,M_POC,short,crossed,0.87155,0.86875,0.87495,0.8679,36.5,36.5,POC,M,6,2026-03-02T22:00:00+00:00,2026-03-03T12:00:00+00:00,H4,H1,Profile 2026-02 | close 0.87613,32,23.266666666666744,0,3,2,0.02666666666667426,fxcm_m30
2026-03-28 15:35:10.007754+00:00,EUR/GBP,swing,support,W_POC,W_POC,long,crossed,0.86385,0.86275,0.86455,0.8679,-40.5,40.5,POC,W,8,2026-03-23T11:00:00+00:00,2026-03-23T14:00:00+00:00,H4,H1,Profile 2026-W12 | close 0.86708,35,19.240963855421676,0,3,1,0.0240963855421674,fxcm_m30
2026-03-28 15:35:10.052375+00:00,EUR/GBP,swing,resistance,Y_POC,Y_POC,short,crossed,0.87295,0.86335,0.87585,0.8679,50.5,50.5,POC,Y,69,2026-01-20T12:30:00+00:00,2026-01-21T10:00:00+00:00,H4,H1,Profile 2025 | close 0.87240,31,27.19417475728161,0,3,3,0.019417475728160785,fxcm_m30
2026-03-28 15:35:11.413127+00:00,EUR/JPY,swing,resistance,M_IB,M_IB_HIGH,short,fresh,184.694,184.694,184.694,184.49,20.4,20.4,IB,M,0,,,H4,H1,Anchor 2026-03 | range 2.66350,12,48.46728971962615,3,2,2,0.046728971962615135,fxcm_m30/d1
2026-03-28 15:35:11.391001+00:00,EUR/JPY,swing,resistance,W_IB,W_IB_1_UP,short,fresh,185.5035,185.5035,185.5035,184.49,101.35,101.35,IB,W,0,,,H4,H1,Anchor 2026-W13 | range 1.16200,21,44.09770395701026,3,2,1,0.009770395701026226,fxcm_m30/d1
2026-03-28 15:35:11.386598+00:00,EUR/JPY,swing,support,W_IB,W_IB_LOW,long,fresh,183.1795,183.1795,183.1795,184.49,-131.05,131.05,IB,W,0,,,H4,H1,Anchor 2026-W13 | range 1.16200,22,44.07572889057175,3,2,1,0.007572889057175367,fxcm_m30/d1
2026-03-28 15:35:11.395334+00:00,EUR/JPY,swing,resistance,W_IB,W_IB_1_5_UP,short,fresh,186.0845,186.0845,186.0845,184.49,159.45,159.45,IB,W,0,,,H4,H1,Anchor 2026-W13 | range 1.16200,23,44.06232471174821,3,2,1,0.006232471174820996,fxcm_m30/d1
2026-03-28 15:35:11.402190+00:00,EUR/JPY,swing,resistance,W_IB,W_IB_2_UP,short,fresh,186.6655,186.6655,186.6655,184.49,217.55,217.55,IB,W,0,,,H4,H1,Anchor 2026-W13 | range 1.16200,24,44.045756119881034,3,2,1,0.004575611988103529,fxcm_m30/d1
2026-03-28 15:35:11.437640+00:00,EUR/JPY,swing,resistance,Y_IB,Y_IB_HIGH,short,fresh,186.875,186.875,186.875,184.49,238.5,238.5,IB,Y,0,,,H4,H1,Anchor 2026 | range 6.06950,2,52.04175365344468,3,2,3,0.004175365344467657,fxcm_m30/d1
2026-03-28 15:35:11.393048+00:00,EUR/JPY,swing,support,W_IB,W_IB_1_DOWN,long,fresh,182.0175,182.0175,182.0175,184.49,-247.25,247.25,IB,W,0,,,H4,H1,Anchor 2026-W13 | range 1.16200,25,44.04028197381672,3,2,1,0.004028197381671754,fxcm_m30/d1
2026-03-28 15:35:11.419596+00:00,EUR/JPY,swing,resistance,M_IB,M_IB_1_UP,short,fresh,187.3575,187.3575,187.3575,184.49,286.75,286.75,IB,M,0,,,H4,H1,Anchor 2026-03 | range 2.66350,13,48.03475238922676,3,2,2,0.0034752389226759255,fxcm_m30/d1
2026-03-28 15:35:11.398689+00:00,EUR/JPY,swing,support,W_IB,W_IB_1_5_DOWN,long,fresh,181.4365,181.4365,181.4365,184.49,-305.35,305.35,IB,W,0,,,H4,H1,Anchor 2026-W13 | range 1.16200,26,44.032642402480825,3,2,1,0.0032642402480823045,fxcm_m30/d1
2026-03-28 15:35:11.406609+00:00,EUR/JPY,swing,resistance,W_IB,W_IB_3_UP,short,fresh,187.8275,187.8275,187.8275,184.49,333.75,333.75,IB,W,0,,,H4,H1,Anchor 2026-W13 | range 1.16200,27,44.02987303958178,3,2,1,0.0029873039581778155,fxcm_m30/d1
2026-03-28 15:35:11.404525+00:00,EUR/JPY,swing,support,W_IB,W_IB_2_DOWN,long,fresh,180.8555,180.8555,180.8555,184.49,-363.45,363.45,IB,W,0,,,H4,H1,Anchor 2026-W13 | range 1.16200,28,44.02743860611881,3,2,1,0.0027438606118809572,fxcm_m30/d1
2026-03-28 15:35:11.439735+00:00,EUR/JPY,swing,support,Y_IB,Y_IB_LOW,long,fresh,180.8055,180.8055,180.8055,184.49,-368.45,368.45,IB,Y,0,,,H4,H1,Anchor 2026 | range 6.06950,3,52.02706726214643,3,2,3,0.0027067262146433786,fxcm_m30/d1
2026-03-28 15:35:11.422927+00:00,EUR/JPY,swing,resistance,M_IB,M_IB_1_5_UP,short,fresh,188.68925,188.68925,188.68925,184.49,419.93,419.93,IB,M,0,,,H4,H1,Anchor 2026-03 | range 2.66350,14,48.02375720140167,3,2,2,0.002375720140167485,fxcm_m30/d1
2026-03-28 15:35:11.408857+00:00,EUR/JPY,swing,support,W_IB,W_IB_3_DOWN,long,fresh,179.6935,179.6935,179.6935,184.49,-479.65,479.65,IB,W,0,,,H4,H1,Anchor 2026-W13 | range 1.16200,29,44.020805159679604,3,2,1,0.0020805159679600873,fxcm_m30/d1
2026-03-28 15:35:11.421884+00:00,EUR/JPY,swing,support,M_IB,M_IB_1_DOWN,long,fresh,179.367,179.367,179.367,184.49,-512.3,512.3,IB,M,0,,,H4,H1,Anchor 2026-03 | range 2.66350,15,48.019481784531465,3,2,2,0.0019481784531463118,fxcm_m30/d1
2026-03-28 15:35:11.427243+00:00,EUR/JPY,swing,resistance,M_IB,M_IB_2_UP,short,fresh,190.021,190.021,190.021,184.49,553.1,553.1,IB,M,0,,,H4,H1,Anchor 2026-03 | range 2.66350,16,48.018047283883774,3,2,2,0.0018047283883775472,fxcm_m30/d1
2026-03-28 15:35:11.425157+00:00,EUR/JPY,swing,support,M_IB,M_IB_1_5_DOWN,long,fresh,178.03525,178.03525,178.03525,184.49,-645.47,645.47,IB,M,0,,,H4,H1,Anchor 2026-03 | range 2.66350,17,48.015468502262266,3,2,2,0.001546850226226848,fxcm_m30/d1
2026-03-28 15:35:11.428289+00:00,EUR/JPY,swing,support,M_IB,M_IB_2_DOWN,long,fresh,176.7035,176.7035,176.7035,184.49,-778.65,778.65,IB,M,0,,,H4,H1,Anchor 2026-03 | range 2.66350,18,48.012826268197266,3,2,2,0.0012826268197268023,fxcm_m30/d1
2026-03-28 15:35:11.385550+00:00,EUR/JPY,swing,support,W_IB,W_IB_HIGH,long,crossed,184.3415,184.3415,184.3415,184.49,-14.85,14.85,IB,W,42,2026-03-24T23:30:00+00:00,2026-03-25T00:00:00+00:00,H4,H1,Anchor 2026-W13 | range 1.16200,35,14.630914826498373,0,2,1,0.0630914826498372,fxcm_m30/d1
2026-03-28 15:35:11.441862+00:00,EUR/JPY,swing,support,Y_IB,Y_IB_MID,long,crossed,183.84025,183.84025,183.84025,184.49,-64.98,64.98,IB,Y,68,2026-03-01T18:00:00+00:00,2026-03-01T22:00:00+00:00,H4,H1,Anchor 2026 | range 6.06950,31,22.151572565365665,0,2,3,0.015157256536566615,fxcm_m30/d1
2026-03-28 15:35:11.388713+00:00,EUR/JPY,swing,support,W_IB,W_IB_MID,long,crossed,183.7605,183.7605,183.7605,184.49,-72.95,72.95,IB,W,11,2026-03-24T00:30:00+00:00,2026-03-24T01:00:00+00:00,H4,H1,Anchor 2026-W13 | range 1.16200,36,14.135226504394861,0,2,1,0.01352265043948611,fxcm_m30/d1
2026-03-28 15:35:11.411056+00:00,EUR/JPY,swing,support,M_POC,M_POC,long,crossed,183.6095,182.4825,185.9435,184.49,-88.05,88.05,POC,M,62,2026-03-01T18:00:00+00:00,2026-03-01T19:30:00+00:00,H4,H1,Profile 2026-02 | close 184.44850,30,23.112296462663114,0,3,2,0.011229646266311276,fxcm_m30
2026-03-28 15:35:11.383808+00:00,EUR/JPY,swing,support,W_POC,W_POC,long,crossed,183.4905,182.5965,183.7235,184.49,-99.95,99.95,POC,W,2,2026-03-23T09:30:00+00:00,2026-03-23T09:30:00+00:00,H4,H1,Profile 2026-W12 | close 184.01000,32,19.099058940070098,0,3,1,0.009905894007009869,fxcm_m30
2026-03-28 15:35:11.417496+00:00,EUR/JPY,swing,support,M_IB,M_IB_MID,long,crossed,183.36225,183.36225,183.36225,184.49,-112.77,112.77,IB,M,64,2026-03-06T21:00:00+00:00,2026-03-09T18:00:00+00:00,H4,H1,Anchor 2026-03 | range 2.66350,33,18.0878927708196,0,2,2,0.008789277081960072,fxcm_m30/d1
2026-03-28 15:35:11.415203+00:00,EUR/JPY,swing,support,M_IB,M_IB_LOW,long,crossed,182.0305,182.0305,182.0305,184.49,-245.95,245.95,IB,M,4,2026-03-16T06:00:00+00:00,2026-03-16T07:30:00+00:00,H4,H1,Anchor 2026-03 | range 2.66350,34,18.040494027130997,0,2,2,0.004049402713099832,fxcm_m30/d1
2026-03-28 15:35:01.881818+00:00,EUR/USD,swing,support,W_IB,W_IB_LOW,long,fresh,1.14845,1.14845,1.14845,1.15113,-26.8,26.8,IB,W,0,,,H4,H1,Anchor 2026-W13 | range 0.01553,21,44.35971223021583,3,2,1,0.03597122302158253,fxcm_m30/d1
2026-03-28 15:35:01.879275+00:00,EUR/USD,swing,resistance,W_IB,W_IB_HIGH,short,fresh,1.16398,1.16398,1.16398,1.15113,128.55,128.55,IB,W,0,,,H4,H1,Anchor 2026-W13 | range 0.01553,22,44.077190274025476,3,2,1,0.007719027402547375,fxcm_m30/d1
2026-03-28 15:35:01.906985+00:00,EUR/USD,swing,resistance,M_IB,M_IB_MID,short,fresh,1.16743,1.16743,1.16743,1.15113,163.0,163.0,IB,M,0,,,H4,H1,Anchor 2026-03 | range 0.02880,11,48.0609756097561,3,2,2,0.006097560975609763,fxcm_m30/d1
2026-03-28 15:35:01.888069+00:00,EUR/USD,swing,support,W_IB,W_IB_1_DOWN,long,fresh,1.13292,1.13292,1.13292,1.15113,-182.15,182.15,IB,W,0,,,H4,H1,Anchor 2026-W13 | range 0.01553,23,44.05460005460006,3,2,1,0.0054600054600054985,fxcm_m30/d1
2026-03-28 15:35:01.891416+00:00,EUR/USD,swing,support,W_IB,W_IB_1_5_DOWN,long,fresh,1.12515,1.12515,1.12515,1.15113,-259.82,259.82,IB,W,0,,,H4,H1,Anchor 2026-W13 | range 0.01553,24,44.03833988306336,3,2,1,0.003833988306335696,fxcm_m30/d1
2026-03-28 15:35:01.911416+00:00,EUR/USD,swing,support,M_IB,M_IB_1_DOWN,long,fresh,1.12423,1.12423,1.12423,1.15113,-269.0,269.0,IB,M,0,,,H4,H1,Anchor 2026-03 | range 0.02880,12,48.03703703703704,3,2,2,0.0037037037037037147,fxcm_m30/d1
2026-03-28 15:35:01.885210+00:00,EUR/USD,swing,resistance,W_IB,W_IB_1_UP,short,fresh,1.17952,1.17952,1.17952,1.15113,283.9,283.9,IB,W,0,,,H4,H1,Anchor 2026-W13 | range 0.01553,25,44.03510003510004,3,2,1,0.003510003510003548,fxcm_m30/d1
2026-03-28 15:35:01.901043+00:00,EUR/USD,swing,resistance,M_POC,M_POC,short,tested,1.18035,1.17595,1.18555,1.15113,292.2,292.2,POC,M,1,2026-03-01T18:00:00+00:00,,H4,H1,Profile 2026-02 | close 1.18183,31,33.03410641200546,1,3,2,0.0034106412005457773,fxcm_m30
2026-03-28 15:35:01.905748+00:00,EUR/USD,swing,resistance,M_IB,M_IB_LOW,short,crossed,1.15303,1.15303,1.15303,1.15113,19.0,19.0,IB,M,60,2026-03-08T22:00:00+00:00,2026-03-08T23:30:00+00:00,H4,H1,Anchor 2026-03 | range 0.02880,35,18.499999999999996,0,2,2,0.049999999999999684,fxcm_m30/d1
2026-03-28 15:35:01.876070+00:00,EUR/USD,swing,resistance,W_POC,W_POC,short,crossed,1.15385,1.14655,1.15545,1.15113,27.2,27.2,POC,W,29,2026-03-23T05:30:00+00:00,2026-03-23T05:30:00+00:00,H4,H1,Profile 2026-W12 | close 1.15620,34,19.3546099290782,0,3,1,0.03546099290782026,fxcm_m30
2026-03-28 15:35:01.884163+00:00,EUR/USD,swing,resistance,W_IB,W_IB_MID,short,crossed,1.15622,1.15622,1.15622,1.15113,50.87,50.87,IB,W,18,2026-03-24T17:00:00+00:00,2026-03-25T20:00:00+00:00,H4,H1,Anchor 2026-W13 | range 0.01553,36,14.192771084337354,0,2,1,0.01927710843373527,fxcm_m30/d1
2026-03-28 15:35:01.928426+00:00,EUR/USD,swing,resistance,Y_IB,Y_IB_LOW,short,crossed,1.15708,1.15708,1.15708,1.15113,59.55,59.55,IB,Y,69,2026-03-03T14:00:00+00:00,2026-03-03T14:30:00+00:00,H4,H1,Anchor 2026 | range 0.05124,33,22.165152766308836,0,2,3,0.016515276630883754,fxcm_m30/d1
2026-03-28 15:35:01.924820+00:00,EUR/USD,swing,resistance,Y_POC,Y_POC,short,crossed,1.16565,1.15565,1.17395,1.15113,145.2,145.2,POC,Y,47,2026-01-08T14:00:00+00:00,2026-01-08T16:30:00+00:00,H4,H1,Profile 2025 | close 1.17387,32,27.06839945280439,0,3,3,0.006839945280439065,fxcm_m30
2026-03-28 15:35:15.118590+00:00,GBP/CHF,swing,resistance,M_IB,M_IB_1_UP,short,fresh,1.0659,1.0659,1.0659,1.06018,57.25,57.25,IB,M,0,,,H4,H1,Anchor 2026-03 | range 0.01865,11,48.17167381974249,3,2,2,0.017167381974248986,fxcm_m30/d1
2026-03-28 15:35:15.094227+00:00,GBP/CHF,swing,resistance,W_IB,W_IB_1_UP,short,fresh,1.06754,1.06754,1.06754,1.06018,73.65,73.65,IB,W,0,,,H4,H1,Anchor 2026-W13 | range 0.00942,20,44.13395847287342,3,2,1,0.013395847287341604,fxcm_m30/d1
2026-03-28 15:35:15.090895+00:00,GBP/CHF,swing,support,W_IB,W_IB_LOW,long,fresh,1.0487,1.0487,1.0487,1.06018,-114.75,114.75,IB,W,0,,,H4,H1,Anchor 2026-W13 | range 0.00942,21,44.08639308855292,3,2,1,0.00863930885529165,fxcm_m30/d1
2026-03-28 15:35:15.087037+00:00,GBP/CHF,swing,support,W_POC,W_POC,long,fresh,1.04865,1.04595,1.05385,1.06018,-115.25,115.25,POC,W,0,,,H4,H1,Profile 2026-W12 | close 1.05045,10,49.086021505376344,3,3,1,0.008602150537634239,fxcm_m30
2026-03-28 15:35:15.099670+00:00,GBP/CHF,swing,resistance,W_IB,W_IB_1_5_UP,short,fresh,1.07225,1.07225,1.07225,1.06018,120.75,120.75,IB,W,0,,,H4,H1,Anchor 2026-W13 | range 0.00942,22,44.082135523613964,3,2,1,0.008213552361396714,fxcm_m30/d1
2026-03-28 15:35:15.121960+00:00,GBP/CHF,swing,resistance,M_IB,M_IB_1_5_UP,short,fresh,1.07523,1.07523,1.07523,1.06018,150.5,150.5,IB,M,0,,,H4,H1,Anchor 2026-03 | range 0.01865,12,48.06600660066007,3,2,2,0.006600660066006598,fxcm_m30/d1
2026-03-28 15:35:15.103144+00:00,GBP/CHF,swing,resistance,W_IB,W_IB_2_UP,short,fresh,1.07696,1.07696,1.07696,1.06018,167.85,167.85,IB,W,0,,,H4,H1,Anchor 2026-W13 | range 0.00942,23,44.059224163458694,3,2,1,0.005922416345869331,fxcm_m30/d1
2026-03-28 15:35:15.134180+00:00,GBP/CHF,swing,resistance,Y_IB,Y_IB_HIGH,short,fresh,1.07984,1.07984,1.07984,1.06018,196.7,196.7,IB,Y,0,,,H4,H1,Anchor 2026 | range 0.05071,1,52.05058168942843,3,2,3,0.005058168942842728,fxcm_m30/d1
2026-03-28 15:35:15.096333+00:00,GBP/CHF,swing,support,W_IB,W_IB_1_DOWN,long,fresh,1.03928,1.03928,1.03928,1.06018,-208.95,208.95,IB,W,0,,,H4,H1,Anchor 2026-W13 | range 0.00942,24,44.04763038818766,3,2,1,0.004763038818766449,fxcm_m30/d1
2026-03-28 15:35:15.125247+00:00,GBP/CHF,swing,resistance,M_IB,M_IB_2_UP,short,fresh,1.08455,1.08455,1.08455,1.06018,243.75,243.75,IB,M,0,,,H4,H1,Anchor 2026-03 | range 0.01865,13,48.04085801838611,3,2,2,0.004085801838610821,fxcm_m30/d1
2026-03-28 15:35:15.100714+00:00,GBP/CHF,swing,support,W_IB,W_IB_1_5_DOWN,long,fresh,1.03457,1.03457,1.03457,1.06018,-256.05,256.05,IB,W,0,,,H4,H1,Anchor 2026-W13 | range 0.00942,25,44.038902937171756,3,2,1,0.003890293717175699,fxcm_m30/d1
2026-03-28 15:35:15.106496+00:00,GBP/CHF,swing,resistance,W_IB,W_IB_3_UP,short,fresh,1.08638,1.08638,1.08638,1.06018,262.05,262.05,IB,W,0,,,H4,H1,Anchor 2026-W13 | range 0.00942,26,44.03801558639042,3,2,1,0.0038015586390421313,fxcm_m30/d1
2026-03-28 15:35:15.091943+00:00,GBP/CHF,swing,support,W_IB,W_IB_MID,long,tested,1.05341,1.05341,1.05341,1.06018,-67.65,67.65,IB,W,1,2026-03-24T09:30:00+00:00,,H4,H1,Anchor 2026-W13 | range 0.00942,32,24.145666423889292,1,2,1,0.014566642388929072,fxcm_m30/d1
2026-03-28 15:35:15.116544+00:00,GBP/CHF,swing,support,M_IB,M_IB_MID,long,tested,1.03792,1.03792,1.03792,1.06018,-222.5,222.5,IB,M,2,2026-03-09T08:00:00+00:00,,H4,H1,Anchor 2026-03 | range 0.01865,30,28.04474272930649,1,2,2,0.004474272930648749,fxcm_m30/d1
2026-03-28 15:35:15.089302+00:00,GBP/CHF,swing,support,W_IB,W_IB_HIGH,long,crossed,1.05812,1.05812,1.05812,1.06018,-20.55,20.55,IB,W,46,2026-03-24T13:30:00+00:00,2026-03-24T14:00:00+00:00,H4,H1,Anchor 2026-W13 | range 0.00942,36,14.464037122969808,0,2,1,0.046403712296980745,fxcm_m30/d1
2026-03-28 15:35:15.138786+00:00,GBP/CHF,swing,support,Y_IB,Y_IB_MID,long,crossed,1.05449,1.05449,1.05449,1.06018,-56.88,56.88,IB,Y,19,2026-03-18T17:30:00+00:00,2026-03-19T10:00:00+00:00,H4,H1,Anchor 2026 | range 0.05071,34,22.17278617710583,0,2,3,0.017278617710582953,fxcm_m30/d1
2026-03-28 15:35:15.132965+00:00,GBP/CHF,swing,resistance,Y_POC,Y_POC,short,crossed,1.07195,1.05895,1.08075,1.06018,117.75,117.75,POC,Y,43,2026-01-05T17:00:00+00:00,2026-01-05T17:00:00+00:00,H4,H1,Profile 2025 | close 1.06733,31,27.084210526315818,0,3,3,0.008421052631581718,fxcm_m30
2026-03-28 15:35:15.112029+00:00,GBP/CHF,swing,support,M_IB,M_IB_HIGH,long,crossed,1.04725,1.04725,1.04725,1.06018,-129.25,129.25,IB,M,26,2026-03-11T20:30:00+00:00,2026-03-12T16:00:00+00:00,H4,H1,Anchor 2026-03 | range 0.01865,35,18.076775431861805,0,2,2,0.007677543186180379,fxcm_m30/d1
2026-03-28 15:35:15.110986+00:00,GBP/CHF,swing,support,M_POC,M_POC,long,crossed,1.04675,1.04235,1.05475,1.06018,-134.25,134.25,POC,M,37,2026-03-04T09:30:00+00:00,2026-03-12T07:30:00+00:00,H4,H1,Profile 2026-02 | close 1.03742,33,23.073937153419585,0,3,2,0.007393715341958474,fxcm_m30
2026-03-28 15:35:12.884597+00:00,GBP/JPY,swing,resistance,M_IB,M_IB_1_UP,short,fresh,213.594,213.594,213.594,212.642,95.2,95.2,IB,M,0,,,H4,H1,Anchor 2026-03 | range 2.20550,13,48.103950103950105,3,2,2,0.010395010395010415,fxcm_m30/d1
2026-03-28 15:35:12.859113+00:00,GBP/JPY,swing,support,W_IB,W_IB_LOW,long,fresh,211.583,211.583,211.583,212.642,-105.9,105.9,IB,W,0,,,H4,H1,Anchor 2026-W13 | range 1.72950,22,44.09354536950421,3,2,1,0.009354536950420976,fxcm_m30/d1
2026-03-28 15:35:12.887190+00:00,GBP/JPY,swing,resistance,M_IB,M_IB_1_5_UP,short,fresh,214.69675,214.69675,214.69675,212.642,205.48,205.48,IB,M,0,,,H4,H1,Anchor 2026-03 | range 2.20550,14,48.04843201356096,3,2,2,0.0048432013560963496,fxcm_m30/d1
2026-03-28 15:35:12.900288+00:00,GBP/JPY,swing,resistance,Y_IB,Y_IB_HIGH,short,fresh,215.0135,215.0135,215.0135,212.642,237.15,237.15,IB,Y,0,,,H4,H1,Anchor 2026 | range 7.78050,3,52.04199034222129,3,2,3,0.004199034222128865,fxcm_m30/d1
2026-03-28 15:35:12.862465+00:00,GBP/JPY,swing,resistance,W_IB,W_IB_1_UP,short,fresh,215.042,215.042,215.042,212.642,240.0,240.0,IB,W,0,,,H4,H1,Anchor 2026-W13 | range 1.72950,23,44.04149377593361,3,2,1,0.004149377593360986,fxcm_m30/d1
2026-03-28 15:35:12.864578+00:00,GBP/JPY,swing,support,W_IB,W_IB_1_DOWN,long,fresh,209.8535,209.8535,209.8535,212.642,-278.85,278.85,IB,W,0,,,H4,H1,Anchor 2026-W13 | range 1.72950,24,44.03573342862248,3,2,1,0.0035733428622476337,fxcm_m30/d1
2026-03-28 15:35:12.891534+00:00,GBP/JPY,swing,resistance,M_IB,M_IB_2_UP,short,fresh,215.7995,215.7995,215.7995,212.642,315.75,315.75,IB,M,0,,,H4,H1,Anchor 2026-03 | range 2.20550,15,48.03157063930544,3,2,2,0.003157063930544595,fxcm_m30/d1
2026-03-28 15:35:12.865771+00:00,GBP/JPY,swing,resistance,W_IB,W_IB_1_5_UP,short,fresh,215.90675,215.90675,215.90675,212.642,326.47,326.47,IB,W,0,,,H4,H1,Anchor 2026-W13 | range 1.72950,25,44.03053668218948,3,2,1,0.0030536682189480184,fxcm_m30/d1
2026-03-28 15:35:12.879957+00:00,GBP/JPY,swing,support,M_IB,M_IB_LOW,long,fresh,209.183,209.183,209.183,212.642,-345.9,345.9,IB,M,0,,,H4,H1,Anchor 2026-03 | range 2.20550,16,48.02882675122514,3,2,2,0.00288267512251369,fxcm_m30/d1
2026-03-28 15:35:12.867861+00:00,GBP/JPY,swing,support,W_IB,W_IB_1_5_DOWN,long,fresh,208.98875,208.98875,208.98875,212.642,-365.33,365.33,IB,W,0,,,H4,H1,Anchor 2026-W13 | range 1.72950,26,44.027298164198456,3,2,1,0.002729816419845755,fxcm_m30/d1
2026-03-28 15:35:12.876631+00:00,GBP/JPY,swing,support,M_POC,M_POC,long,fresh,208.6345,207.2725,212.1865,212.642,-400.75,400.75,POC,M,0,,,H4,H1,Profile 2026-02 | close 210.43400,2,53.02489110143128,3,3,2,0.002489110143127993,fxcm_m30
2026-03-28 15:35:12.868903+00:00,GBP/JPY,swing,resistance,W_IB,W_IB_2_UP,short,fresh,216.7715,216.7715,216.7715,212.642,412.95,412.95,IB,W,0,,,H4,H1,Anchor 2026-W13 | range 1.72950,27,44.024157506945286,3,2,1,0.0024157506945283206,fxcm_m30/d1
2026-03-28 15:35:12.871200+00:00,GBP/JPY,swing,support,W_IB,W_IB_2_DOWN,long,fresh,208.124,208.124,208.124,212.642,-451.8,451.8,IB,W,0,,,H4,H1,Anchor 2026-W13 | range 1.72950,28,44.02208480565371,3,2,1,0.0022084805653710244,fxcm_m30/d1
2026-03-28 15:35:12.894869+00:00,GBP/JPY,swing,resistance,M_IB,M_IB_3_UP,short,fresh,218.005,218.005,218.005,212.642,536.3,536.3,IB,M,0,,,H4,H1,Anchor 2026-03 | range 2.20550,17,48.018611576400524,3,2,2,0.0018611576400521127,fxcm_m30/d1
2026-03-28 15:35:12.901536+00:00,GBP/JPY,swing,support,Y_IB,Y_IB_LOW,long,fresh,207.233,207.233,207.233,212.642,-540.9,540.9,IB,Y,0,,,H4,H1,Anchor 2026 | range 7.78050,4,52.01845358922311,3,2,3,0.0018453589223103922,fxcm_m30/d1
2026-03-28 15:35:12.885640+00:00,GBP/JPY,swing,support,M_IB,M_IB_1_DOWN,long,fresh,206.9775,206.9775,206.9775,212.642,-566.45,566.45,IB,M,0,,,H4,H1,Anchor 2026-03 | range 2.20550,18,48.01762269803507,3,2,2,0.0017622698035069156,fxcm_m30/d1
2026-03-28 15:35:12.873290+00:00,GBP/JPY,swing,resistance,W_IB,W_IB_3_UP,short,fresh,218.501,218.501,218.501,212.642,585.9,585.9,IB,W,0,,,H4,H1,Anchor 2026-W13 | range 1.72950,29,44.0170386777986,3,2,1,0.0017038677798602803,fxcm_m30/d1
2026-03-28 15:35:12.874493+00:00,GBP/JPY,swing,support,W_IB,W_IB_3_DOWN,long,fresh,206.3945,206.3945,206.3945,212.642,-624.75,624.75,IB,W,0,,,H4,H1,Anchor 2026-W13 | range 1.72950,30,44.015980823012384,3,2,1,0.001598082301238513,fxcm_m30/d1
2026-03-28 15:35:12.889487+00:00,GBP/JPY,swing,support,M_IB,M_IB_1_5_DOWN,long,fresh,205.87475,205.87475,205.87475,212.642,-676.72,676.72,IB,M,0,,,H4,H1,Anchor 2026-03 | range 2.20550,19,48.01475524733483,3,2,2,0.0014755247334833472,fxcm_m30/d1
2026-03-28 15:35:12.892779+00:00,GBP/JPY,swing,support,M_IB,M_IB_2_DOWN,long,fresh,204.772,204.772,204.772,212.642,-787.0,787.0,IB,M,0,,,H4,H1,Anchor 2026-03 | range 2.20550,20,48.01269035532995,3,2,2,0.001269035532994923,fxcm_m30/d1
2026-03-28 15:35:12.857038+00:00,GBP/JPY,swing,resistance,W_IB,W_IB_HIGH,short,tested,213.3125,213.3125,213.3125,212.642,67.05,67.05,IB,W,1,2026-03-26T14:00:00+00:00,,H4,H1,Anchor 2026-W13 | range 1.72950,32,24.14695077149155,1,2,1,0.014695077149154944,fxcm_m30/d1
2026-03-28 15:35:12.882310+00:00,GBP/JPY,swing,support,M_IB,M_IB_MID,long,tested,210.28575,210.28575,210.28575,212.642,-235.62,235.62,IB,M,2,2026-03-06T00:00:00+00:00,,H4,H1,Anchor 2026-03 | range 2.20550,31,28.042260961436874,1,2,2,0.004226096143687289,fxcm_m30/d1
2026-03-28 15:35:12.860172+00:00,GBP/JPY,swing,support,W_IB,W_IB_MID,long,crossed,212.44775,212.44775,212.44775,212.642,-19.43,19.43,IB,W,11,2026-03-24T00:30:00+00:00,2026-03-24T01:00:00+00:00,H4,H1,Anchor 2026-W13 | range 1.72950,36,14.489596083231309,0,2,1,0.0489596083231308,fxcm_m30/d1
2026-03-28 15:35:12.854768+00:00,GBP/JPY,swing,support,W_POC,W_POC,long,crossed,212.2825,211.6115,212.6695,212.642,-35.95,35.95,POC,W,13,2026-03-23T00:00:00+00:00,2026-03-23T05:30:00+00:00,H4,H1,Profile 2026-W12 | close 212.21950,34,19.270635994592467,0,3,1,0.027063599459246575,fxcm_m30
2026-03-28 15:35:12.877677+00:00,GBP/JPY,swing,support,M_IB,M_IB_HIGH,long,crossed,211.3885,211.3885,211.3885,212.642,-125.35,125.35,IB,M,51,2026-03-06T18:00:00+00:00,2026-03-06T20:30:00+00:00,H4,H1,Anchor 2026-03 | range 2.20550,35,18.0791452314998,0,2,2,0.007914523149980198,fxcm_m30/d1
2026-03-28 15:35:12.903621+00:00,GBP/JPY,swing,support,Y_IB,Y_IB_MID,long,crossed,211.12325,211.12325,211.12325,212.642,-151.87,151.87,IB,Y,33,2026-03-02T14:30:00+00:00,2026-03-02T14:30:00+00:00,H4,H1,Anchor 2026 | range 7.78050,33,22.065412919051514,0,2,3,0.0065412919051513405,fxcm_m30/d1
2026-03-28 15:35:03.019730+00:00,GBP/USD,swing,support,W_IB,W_IB_LOW,long,fresh,1.3257,1.3257,1.3257,1.32608,-3.75,3.75,IB,W,0,,,H4,H1,Anchor 2026-W13 | range 0.02223,21,46.105263157894676,3,2,1,0.21052631578946737,fxcm_m30/d1
2026-03-28 15:35:03.017721+00:00,GBP/USD,swing,resistance,W_IB,W_IB_HIGH,short,fresh,1.34794,1.34794,1.34794,1.32608,218.55,218.55,IB,W,0,,,H4,H1,Anchor 2026-W13 | range 0.02223,22,44.04554771122751,3,2,1,0.0045547711227510905,fxcm_m30/d1
2026-03-28 15:35:03.025111+00:00,GBP/USD,swing,support,W_IB,W_IB_1_DOWN,long,fresh,1.30348,1.30348,1.30348,1.32608,-226.05,226.05,IB,W,0,,,H4,H1,Anchor 2026-W13 | range 0.02223,23,44.044043162299054,3,2,1,0.00440431622990531,fxcm_m30/d1
2026-03-28 15:35:03.038542+00:00,GBP/USD,swing,resistance,M_IB,M_IB_HIGH,short,fresh,1.34916,1.34916,1.34916,1.32608,230.8,230.8,IB,M,0,,,H4,H1,Anchor 2026-03 | range 0.02385,12,48.04314063848145,3,2,2,0.004314063848144996,fxcm_m30/d1
2026-03-28 15:35:03.047588+00:00,GBP/USD,swing,support,M_IB,M_IB_1_DOWN,long,fresh,1.30145,1.30145,1.30145,1.32608,-246.3,246.3,IB,M,0,,,H4,H1,Anchor 2026-03 | range 0.02385,13,48.040436716538615,3,2,2,0.004043671653861754,fxcm_m30/d1
2026-03-28 15:35:03.041018+00:00,GBP/USD,swing,support,M_IB,M_IB_LOW,long,crossed,1.32531,1.32531,1.32531,1.32608,-7.75,7.75,IB,M,26,2026-03-13T10:30:00+00:00,2026-03-13T15:00:00+00:00,H4,H1,Anchor 2026-03 | range 0.02385,33,19.14285714285718,0,2,2,0.11428571428571818,fxcm_m30/d1
2026-03-28 15:35:03.065426+00:00,GBP/USD,swing,resistance,Y_IB,Y_IB_LOW,short,crossed,1.33264,1.33264,1.33264,1.32608,65.65,65.65,IB,Y,106,2026-03-02T08:00:00+00:00,2026-03-03T08:00:00+00:00,H4,H1,Anchor 2026 | range 0.05430,32,22.150037509377345,0,2,3,0.015003750937734586,fxcm_m30/d1
2026-03-28 15:35:03.016591+00:00,GBP/USD,swing,resistance,W_POC,W_POC,short,crossed,1.33335,1.32735,1.33725,1.32608,72.7,72.7,POC,W,20,2026-03-23T00:00:00+00:00,2026-03-23T01:00:00+00:00,H4,H1,Profile 2026-W12 | close 1.33344,34,19.135685210312097,0,3,1,0.01356852103120985,fxcm_m30
2026-03-28 15:35:03.020734+00:00,GBP/USD,swing,resistance,W_IB,W_IB_MID,short,crossed,1.33682,1.33682,1.33682,1.32608,107.4,107.4,IB,W,16,2026-03-24T13:00:00+00:00,2026-03-25T18:30:00+00:00,H4,H1,Anchor 2026-W13 | range 0.02223,36,14.092250922509225,0,2,1,0.009225092250922533,fxcm_m30/d1
2026-03-28 15:35:03.043127+00:00,GBP/USD,swing,resistance,M_IB,M_IB_MID,short,crossed,1.33723,1.33723,1.33723,1.32608,111.52,111.52,IB,M,56,2026-03-06T03:30:00+00:00,2026-03-06T16:00:00+00:00,H4,H1,Anchor 2026-03 | range 0.02385,35,18.08886914019107,0,2,2,0.008886914019106946,fxcm_m30/d1
2026-03-28 15:35:03.061030+00:00,GBP/USD,swing,resistance,Y_POC,Y_POC,short,crossed,1.34365,1.32715,1.35685,1.32608,175.7,175.7,POC,Y,158,2026-01-02T11:00:00+00:00,2026-01-05T02:00:00+00:00,H4,H1,Profile 2025 | close 1.34557,31,27.05659309564235,0,3,3,0.005659309564234701,fxcm_m30
2026-03-28 15:35:08.953100+00:00,NZD/USD,swing,support,Y_IB,Y_IB_LOW,long,fresh,0.57112,0.57112,0.57112,0.57442,-33.05,33.05,IB,Y,0,,,H4,H1,Anchor 2026 | range 0.03815,2,52.29368575624082,3,2,3,0.02936857562408221,fxcm_m30/d1
2026-03-28 15:35:08.937380+00:00,NZD/USD,swing,support,M_IB,M_IB_1_DOWN,long,fresh,0.56763,0.56763,0.56763,0.57442,-67.95,67.95,IB,M,0,,,H4,H1,Anchor 2026-03 | range 0.01598,12,48.14503263234228,3,2,2,0.014503263234227712,fxcm_m30/d1
2026-03-28 15:35:08.914898+00:00,NZD/USD,swing,support,W_IB,W_IB_1_DOWN,long,fresh,0.56367,0.56367,0.56367,0.57442,-107.55,107.55,IB,W,0,,,H4,H1,Anchor 2026-W13 | range 0.01254,21,44.09212344541686,3,2,1,0.009212344541685895,fxcm_m30/d1
2026-03-28 15:35:08.906808+00:00,NZD/USD,swing,resistance,W_IB,W_IB_HIGH,short,fresh,0.58875,0.58875,0.58875,0.57442,143.25,143.25,IB,W,0,,,H4,H1,Anchor 2026-W13 | range 0.01254,22,44.06932409012132,3,2,1,0.006932409012131701,fxcm_m30/d1
2026-03-28 15:35:08.940685+00:00,NZD/USD,swing,support,M_IB,M_IB_1_5_DOWN,long,fresh,0.55964,0.55964,0.55964,0.57442,-147.85,147.85,IB,M,0,,,H4,H1,Anchor 2026-03 | range 0.01598,13,48.067181726570375,3,2,2,0.006718172657037314,fxcm_m30/d1
2026-03-28 15:35:08.918255+00:00,NZD/USD,swing,support,W_IB,W_IB_1_5_DOWN,long,fresh,0.5574,0.5574,0.5574,0.57442,-170.25,170.25,IB,W,0,,,H4,H1,Anchor 2026-W13 | range 0.01254,23,44.058394160583944,3,2,1,0.005839416058394175,fxcm_m30/d1
2026-03-28 15:35:08.944111+00:00,NZD/USD,swing,support,M_IB,M_IB_2_DOWN,long,fresh,0.55165,0.55165,0.55165,0.57442,-227.75,227.75,IB,M,0,,,H4,H1,Anchor 2026-03 | range 0.01598,14,48.04371584699454,3,2,2,0.0043715846994535545,fxcm_m30/d1
2026-03-28 15:35:08.921565+00:00,NZD/USD,swing,support,W_IB,W_IB_2_DOWN,long,fresh,0.55113,0.55113,0.55113,0.57442,-232.95,232.95,IB,W,0,,,H4,H1,Anchor 2026-W13 | range 0.01254,24,44.042744176106005,3,2,1,0.004274417610600564,fxcm_m30/d1
2026-03-28 15:35:08.929568+00:00,NZD/USD,swing,resistance,M_IB,M_IB_HIGH,short,fresh,0.59958,0.59958,0.59958,0.57442,251.65,251.65,IB,M,0,,,H4,H1,Anchor 2026-03 | range 0.01598,15,48.039580447259056,3,2,2,0.003958044725905404,fxcm_m30/d1
2026-03-28 15:35:08.913856+00:00,NZD/USD,swing,resistance,W_IB,W_IB_1_UP,short,fresh,0.60129,0.60129,0.60129,0.57442,268.65,268.65,IB,W,0,,,H4,H1,Anchor 2026-W13 | range 0.01254,25,44.037085110328206,3,2,1,0.0037085110328203192,fxcm_m30/d1
2026-03-28 15:35:08.927285+00:00,NZD/USD,swing,resistance,M_POC,M_POC,short,fresh,0.60435,0.59775,0.60515,0.57442,299.3,299.3,POC,M,0,,,H4,H1,Profile 2026-02 | close 0.59959,1,53.03330003330004,3,3,2,0.0033300033300034766,fxcm_m30
2026-03-28 15:35:08.908864+00:00,NZD/USD,swing,resistance,W_IB,W_IB_LOW,short,crossed,0.57621,0.57621,0.57621,0.57442,17.85,17.85,IB,W,18,2026-03-26T17:30:00+00:00,2026-03-26T17:30:00+00:00,H4,H1,Anchor 2026-W13 | range 0.01254,35,14.53050397877983,0,2,1,0.05305039787798306,fxcm_m30/d1
2026-03-28 15:35:08.949761+00:00,NZD/USD,swing,resistance,Y_POC,Y_POC,short,crossed,0.57835,0.57045,0.59425,0.57442,39.3,39.3,POC,Y,52,2026-01-05T15:30:00+00:00,2026-01-05T16:00:00+00:00,H4,H1,Profile 2025 | close 0.57544,30,27.248138957816515,0,3,3,0.024813895781651458,fxcm_m30
2026-03-28 15:35:08.911516+00:00,NZD/USD,swing,resistance,W_IB,W_IB_MID,short,crossed,0.58248,0.58248,0.58248,0.57442,80.55,80.55,IB,W,27,2026-03-24T05:00:00+00:00,2026-03-24T05:00:00+00:00,H4,H1,Anchor 2026-W13 | range 0.01254,36,14.12262415695892,0,2,1,0.01226241569589204,fxcm_m30/d1
2026-03-28 15:35:08.931888+00:00,NZD/USD,swing,resistance,M_IB,M_IB_LOW,short,crossed,0.58361,0.58361,0.58361,0.57442,91.85,91.85,IB,M,66,2026-03-13T04:00:00+00:00,2026-03-13T04:00:00+00:00,H4,H1,Anchor 2026-03 | range 0.01598,33,18.107700592353257,0,2,2,0.010770059235325797,fxcm_m30/d1
2026-03-28 15:35:08.905601+00:00,NZD/USD,swing,resistance,W_POC,W_POC,short,crossed,0.58415,0.58135,0.58625,0.57442,97.3,97.3,POC,W,21,2026-03-23T11:00:00+00:00,2026-03-23T12:30:00+00:00,H4,H1,Profile 2026-W12 | close 0.58325,32,19.101729399796547,0,3,1,0.010172939979654792,fxcm_m30
2026-03-28 15:35:08.955451+00:00,NZD/USD,swing,resistance,Y_IB,Y_IB_MID,short,crossed,0.59019,0.59019,0.59019,0.57442,157.72,157.72,IB,Y,52,2026-03-03T08:30:00+00:00,2026-03-03T08:30:00+00:00,H4,H1,Anchor 2026 | range 0.03815,31,22.063002047566545,0,2,3,0.006300204756654605,fxcm_m30/d1
2026-03-28 15:35:08.932934+00:00,NZD/USD,swing,resistance,M_IB,M_IB_MID,short,crossed,0.5916,0.5916,0.5916,0.57442,171.75,171.75,IB,M,26,2026-03-09T09:30:00+00:00,2026-03-09T13:00:00+00:00,H4,H1,Anchor 2026-03 | range 0.01598,34,18.057887120115772,0,2,2,0.005788712011577407,fxcm_m30/d1
2026-03-28 15:35:07.761721+00:00,USD/CAD,swing,resistance,W_IB,W_IB_2_UP,short,fresh,1.3926,1.3926,1.3926,1.38936,32.45,32.45,IB,W,0,,,H4,H1,Anchor 2026-W13 | range 0.00855,19,44.29895366218235,3,2,1,0.029895366218234704,fxcm_m30/d1
2026-03-28 15:35:07.793264+00:00,USD/CAD,swing,resistance,Y_IB,Y_IB_HIGH,short,fresh,1.39288,1.39288,1.39288,1.38936,35.2,35.2,IB,Y,0,,,H4,H1,Anchor 2026 | range 0.04471,2,52.27624309392265,3,2,3,0.027624309392265442,fxcm_m30/d1
2026-03-28 15:35:07.781203+00:00,USD/CAD,swing,resistance,M_IB,M_IB_1_5_UP,short,fresh,1.39602,1.39602,1.39602,1.38936,66.63,66.63,IB,M,0,,,H4,H1,Anchor 2026-03 | range 0.01381,12,48.147874306839185,3,2,2,0.014787430683918634,fxcm_m30/d1
2026-03-28 15:35:07.766073+00:00,USD/CAD,swing,resistance,W_IB,W_IB_3_UP,short,fresh,1.40116,1.40116,1.40116,1.38936,117.95,117.95,IB,W,0,,,H4,H1,Anchor 2026-W13 | range 0.00855,20,44.08406893652795,3,2,1,0.008406893652795136,fxcm_m30/d1
2026-03-28 15:35:07.784367+00:00,USD/CAD,swing,resistance,M_IB,M_IB_2_UP,short,fresh,1.40293,1.40293,1.40293,1.38936,135.7,135.7,IB,M,0,,,H4,H1,Anchor 2026-03 | range 0.01381,13,48.07315288953914,3,2,2,0.007315288953913755,fxcm_m30/d1
2026-03-28 15:35:07.792106+00:00,USD/CAD,swing,resistance,Y_POC,Y_POC,short,fresh,1.40335,1.37865,1.41265,1.38936,139.9,139.9,POC,Y,0,,,H4,H1,Profile 2025 | close 1.37215,1,57.070972320794915,3,3,3,0.0070972320794913755,fxcm_m30
2026-03-28 15:35:07.752694+00:00,USD/CAD,swing,support,W_IB,W_IB_MID,long,fresh,1.37123,1.37123,1.37123,1.38936,-181.3,181.3,IB,W,0,,,H4,H1,Anchor 2026-W13 | range 0.00855,21,44.05485463521668,3,2,1,0.005485463521667587,fxcm_m30/d1
2026-03-28 15:35:07.750608+00:00,USD/CAD,swing,support,W_IB,W_IB_LOW,long,fresh,1.36696,1.36696,1.36696,1.38936,-224.05,224.05,IB,W,0,,,H4,H1,Anchor 2026-W13 | range 0.00855,22,44.04443457009553,3,2,1,0.0044434570095534314,fxcm_m30/d1
2026-03-28 15:35:07.788785+00:00,USD/CAD,swing,resistance,M_IB,M_IB_3_UP,short,fresh,1.41674,1.41674,1.41674,1.38936,273.85,273.85,IB,M,0,,,H4,H1,Anchor 2026-03 | range 0.01381,14,48.036383481899215,3,2,2,0.003638348189921806,fxcm_m30/d1
2026-03-28 15:35:07.777275+00:00,USD/CAD,swing,support,M_IB,M_IB_1_UP,long,crossed,1.38912,1.38912,1.38912,1.38936,-2.45,2.45,IB,M,3,2026-03-27T18:00:00+00:00,2026-03-27T20:00:00+00:00,H4,H1,Anchor 2026-03 | range 0.01381,29,20.898550724637253,0,2,2,0.2898550724637255,fxcm_m30/d1
2026-03-28 15:35:07.758279+00:00,USD/CAD,swing,support,W_IB,W_IB_1_5_UP,long,crossed,1.38833,1.38833,1.38833,1.38936,-10.3,10.3,IB,W,5,2026-03-27T16:00:00+00:00,2026-03-27T17:00:00+00:00,H4,H1,Anchor 2026-W13 | range 0.00855,34,14.884955752212496,0,2,1,0.08849557522124957,fxcm_m30/d1
2026-03-28 15:35:07.754951+00:00,USD/CAD,swing,support,W_IB,W_IB_1_UP,long,crossed,1.38406,1.38406,1.38406,1.38936,-53.05,53.05,IB,W,6,2026-03-26T11:00:00+00:00,2026-03-26T11:00:00+00:00,H4,H1,Anchor 2026-W13 | range 0.00855,35,14.185013876040706,0,2,1,0.01850138760407067,fxcm_m30/d1
2026-03-28 15:35:07.747317+00:00,USD/CAD,swing,support,W_IB,W_IB_HIGH,long,crossed,1.3755,1.3755,1.3755,1.38936,-138.55,138.55,IB,W,17,2026-03-24T03:30:00+00:00,2026-03-24T04:00:00+00:00,H4,H1,Anchor 2026-W13 | range 0.00855,36,14.071658903618776,0,2,1,0.007165890361877489,fxcm_m30/d1
2026-03-28 15:35:07.771685+00:00,USD/CAD,swing,support,M_IB,M_IB_HIGH,long,crossed,1.3753,1.3753,1.3753,1.38936,-140.6,140.6,IB,M,18,2026-03-23T10:30:00+00:00,2026-03-24T03:30:00+00:00,H4,H1,Anchor 2026-03 | range 0.01381,31,18.070621468926554,0,2,2,0.007062146892655387,fxcm_m30/d1
2026-03-28 15:35:07.743847+00:00,USD/CAD,swing,support,W_POC,W_POC,long,crossed,1.37195,1.36975,1.37385,1.38936,-174.1,174.1,POC,W,14,2026-03-23T00:30:00+00:00,2026-03-23T00:30:00+00:00,H4,H1,Profile 2026-W12 | close 1.37098,30,19.057110222729865,0,3,1,0.0057110222729866,fxcm_m30
2026-03-28 15:35:07.797599+00:00,USD/CAD,swing,support,Y_IB,Y_IB_MID,long,crossed,1.37052,1.37052,1.37052,1.38936,-188.35,188.35,IB,Y,60,2026-03-02T16:00:00+00:00,2026-03-02T16:00:00+00:00,H4,H1,Anchor 2026 | range 0.04471,28,22.052812252442568,0,2,3,0.005281225244256686,fxcm_m30/d1
2026-03-28 15:35:07.769408+00:00,USD/CAD,swing,support,M_POC,M_POC,long,crossed,1.36855,1.36305,1.37015,1.38936,-208.1,208.1,POC,M,59,2026-03-02T08:30:00+00:00,2026-03-02T15:30:00+00:00,H4,H1,Profile 2026-02 | close 1.36444,27,23.047824007651837,0,3,2,0.004782400765183718,fxcm_m30
2026-03-28 15:35:07.776055+00:00,USD/CAD,swing,support,M_IB,M_IB_MID,long,crossed,1.36839,1.36839,1.36839,1.38936,-209.67,209.67,IB,M,29,2026-03-13T12:30:00+00:00,2026-03-13T12:30:00+00:00,H4,H1,Anchor 2026-03 | range 0.01381,32,18.04746647680076,0,2,2,0.00474664768007599,fxcm_m30/d1
2026-03-28 15:35:07.773771+00:00,USD/CAD,swing,support,M_IB,M_IB_LOW,long,crossed,1.36148,1.36148,1.36148,1.38936,-278.75,278.75,IB,M,6,2026-03-06T16:00:00+00:00,2026-03-06T16:30:00+00:00,H4,H1,Anchor 2026-03 | range 0.01381,33,18.03574620196604,0,2,2,0.0035746201966041277,fxcm_m30/d1
2026-03-28 15:35:05.583341+00:00,USD/CHF,swing,resistance,Y_IB,Y_IB_HIGH,short,fresh,0.80418,0.80418,0.80418,0.79892,52.6,52.6,IB,Y,0,,,H4,H1,Anchor 2026 | range 0.04379,1,52.18656716417911,3,2,3,0.018656716417910685,fxcm_m30/d1
2026-03-28 15:35:05.546668+00:00,USD/CHF,swing,resistance,W_IB,W_IB_1_UP,short,fresh,0.80453,0.80453,0.80453,0.79892,56.15,56.15,IB,W,0,,,H4,H1,Anchor 2026-W13 | range 0.01054,20,44.174978127734036,3,2,1,0.017497812773403554,fxcm_m30/d1
2026-03-28 15:35:05.567078+00:00,USD/CHF,swing,resistance,M_IB,M_IB_1_UP,short,fresh,0.80948,0.80948,0.80948,0.79892,105.7,105.7,IB,M,0,,,H4,H1,Anchor 2026-03 | range 0.02160,11,48.09372071227742,3,2,2,0.00937207122774136,fxcm_m30/d1
2026-03-28 15:35:05.549788+00:00,USD/CHF,swing,resistance,W_IB,W_IB_1_5_UP,short,fresh,0.8098,0.8098,0.8098,0.79892,108.85,108.85,IB,W,0,,,H4,H1,Anchor 2026-W13 | range 0.01054,21,44.0910332271279,3,2,1,0.009103322712790232,fxcm_m30/d1
2026-03-28 15:35:05.542144+00:00,USD/CHF,swing,support,W_IB,W_IB_LOW,long,fresh,0.78345,0.78345,0.78345,0.79892,-154.65,154.65,IB,W,0,,,H4,H1,Anchor 2026-W13 | range 0.01054,22,44.06424670735625,3,2,1,0.006424670735624774,fxcm_m30/d1
2026-03-28 15:35:05.552979+00:00,USD/CHF,swing,resistance,W_IB,W_IB_2_UP,short,fresh,0.81507,0.81507,0.81507,0.79892,161.55,161.55,IB,W,0,,,H4,H1,Anchor 2026-W13 | range 0.01054,23,44.061519532451555,3,2,1,0.006151953245155367,fxcm_m30/d1
2026-03-28 15:35:05.570239+00:00,USD/CHF,swing,resistance,M_IB,M_IB_1_5_UP,short,fresh,0.82028,0.82028,0.82028,0.79892,213.7,213.7,IB,M,0,,,H4,H1,Anchor 2026-03 | range 0.02160,12,48.04657661853749,3,2,2,0.004657661853749418,fxcm_m30/d1
2026-03-28 15:35:05.547672+00:00,USD/CHF,swing,support,W_IB,W_IB_1_DOWN,long,fresh,0.77291,0.77291,0.77291,0.79892,-260.05,260.05,IB,W,0,,,H4,H1,Anchor 2026-W13 | range 0.01054,24,44.03830683777054,3,2,1,0.0038306837770541967,fxcm_m30/d1
2026-03-28 15:35:05.556115+00:00,USD/CHF,swing,resistance,W_IB,W_IB_3_UP,short,fresh,0.82561,0.82561,0.82561,0.79892,266.95,266.95,IB,W,0,,,H4,H1,Anchor 2026-W13 | range 0.01054,25,44.0373203955962,3,2,1,0.003732039559619344,fxcm_m30/d1
2026-03-28 15:35:05.581333+00:00,USD/CHF,swing,support,Y_POC,Y_POC,long,crossed,0.79545,0.79195,0.80605,0.79892,-34.65,34.65,POC,Y,56,2026-01-05T09:00:00+00:00,2026-01-05T09:00:00+00:00,H4,H1,Profile 2025 | close 0.79319,29,27.280504908835795,0,3,3,0.02805049088357958,fxcm_m30
2026-03-28 15:35:05.541028+00:00,USD/CHF,swing,support,W_IB,W_IB_HIGH,long,crossed,0.79399,0.79399,0.79399,0.79892,-49.25,49.25,IB,W,3,2026-03-26T15:30:00+00:00,2026-03-26T16:00:00+00:00,H4,H1,Anchor 2026-W13 | range 0.01054,35,14.199004975124375,0,2,1,0.01990049751243754,fxcm_m30/d1
2026-03-28 15:35:05.544385+00:00,USD/CHF,swing,support,W_IB,W_IB_MID,long,crossed,0.78872,0.78872,0.78872,0.79892,-101.95,101.95,IB,W,16,2026-03-24T01:30:00+00:00,2026-03-24T04:00:00+00:00,H4,H1,Anchor 2026-W13 | range 0.01054,36,14.097134531325885,0,2,1,0.009713453132588574,fxcm_m30/d1
2026-03-28 15:35:05.539019+00:00,USD/CHF,swing,support,W_POC,W_POC,long,crossed,0.78865,0.78555,0.79145,0.79892,-102.65,102.65,POC,W,23,2026-03-23T00:30:00+00:00,2026-03-23T00:30:00+00:00,H4,H1,Profile 2026-W12 | close 0.78774,32,19.096478533526284,0,3,1,0.009647853352628553,fxcm_m30
2026-03-28 15:35:05.561695+00:00,USD/CHF,swing,support,M_IB,M_IB_HIGH,long,crossed,0.78788,0.78788,0.78788,0.79892,-110.3,110.3,IB,M,77,2026-03-13T07:00:00+00:00,2026-03-13T07:00:00+00:00,H4,H1,Anchor 2026-03 | range 0.02160,33,18.08984725965858,0,2,2,0.008984725965857965,fxcm_m30/d1
2026-03-28 15:35:05.586484+00:00,USD/CHF,swing,support,Y_IB,Y_IB_MID,long,crossed,0.78228,0.78228,0.78228,0.79892,-166.33,166.33,IB,Y,44,2026-03-03T07:30:00+00:00,2026-03-03T07:30:00+00:00,H4,H1,Anchor 2026 | range 0.04379,31,22.059763932466755,0,2,3,0.005976393246675613,fxcm_m30/d1
2026-03-28 15:35:05.566074+00:00,USD/CHF,swing,support,M_IB,M_IB_MID,long,crossed,0.77708,0.77708,0.77708,0.79892,-218.3,218.3,IB,M,30,2026-03-06T17:00:00+00:00,2026-03-06T18:00:00+00:00,H4,H1,Anchor 2026-03 | range 0.02160,34,18.04559963520292,0,2,2,0.004559963520291812,fxcm_m30/d1
2026-03-28 15:35:05.559235+00:00,USD/CHF,swing,support,M_POC,M_POC,long,crossed,0.77555,0.77045,0.77855,0.79892,-233.65,233.65,POC,M,17,2026-03-02T12:00:00+00:00,2026-03-02T12:00:00+00:00,H4,H1,Profile 2026-02 | close 0.76915,30,23.042616663115275,0,3,2,0.004261666311527551,fxcm_m30
2026-03-28 15:35:04.427440+00:00,USD/JPY,swing,resistance,W_IB,W_IB_1_UP,short,fresh,161.3,161.3,161.3,160.2935,100.65,100.65,IB,W,0,,,H4,H1,Anchor 2026-W13 | range 1.64050,20,44.098376783079196,3,2,1,0.009837678307919718,fxcm_m30/d1
2026-03-28 15:35:04.453197+00:00,USD/JPY,swing,resistance,M_IB,M_IB_1_5_UP,short,fresh,161.617,161.617,161.617,160.2935,132.35,132.35,IB,M,0,,,H4,H1,Anchor 2026-03 | range 2.43100,11,48.074990626171726,3,2,2,0.007499062617172718,fxcm_m30/d1
2026-03-28 15:35:04.430583+00:00,USD/JPY,swing,resistance,W_IB,W_IB_1_5_UP,short,fresh,162.12025,162.12025,162.12025,160.2935,182.67,182.67,IB,W,0,,,H4,H1,Anchor 2026-W13 | range 1.64050,21,44.054443990744524,3,2,1,0.005444399074452314,fxcm_m30/d1
2026-03-28 15:35:04.423119+00:00,USD/JPY,swing,support,W_IB,W_IB_LOW,long,fresh,158.019,158.019,158.019,160.2935,-227.45,227.45,IB,W,0,,,H4,H1,Anchor 2026-W13 | range 1.64050,22,44.04377325454148,3,2,1,0.004377325454147537,fxcm_m30/d1
2026-03-28 15:35:04.456380+00:00,USD/JPY,swing,resistance,M_IB,M_IB_2_UP,short,fresh,162.8325,162.8325,162.8325,160.2935,253.9,253.9,IB,M,0,,,H4,H1,Anchor 2026-03 | range 2.43100,12,48.03923107100824,3,2,2,0.0039231071008237845,fxcm_m30/d1
2026-03-28 15:35:04.434918+00:00,USD/JPY,swing,resistance,W_IB,W_IB_2_UP,short,fresh,162.9405,162.9405,162.9405,160.2935,264.7,264.7,IB,W,0,,,H4,H1,Anchor 2026-W13 | range 1.64050,23,44.03763643206624,3,2,1,0.0037636432066241047,fxcm_m30/d1
2026-03-28 15:35:04.447636+00:00,USD/JPY,swing,support,M_IB,M_IB_MID,long,fresh,156.755,156.755,156.755,160.2935,-353.85,353.85,IB,M,0,,,H4,H1,Anchor 2026-03 | range 2.43100,13,48.02818092151613,3,2,2,0.0028180921516133585,fxcm_m30/d1
2026-03-28 15:35:04.429536+00:00,USD/JPY,swing,support,W_IB,W_IB_1_DOWN,long,fresh,156.3785,156.3785,156.3785,160.2935,-391.5,391.5,IB,W,0,,,H4,H1,Anchor 2026-W13 | range 1.64050,24,44.02547770700637,3,2,1,0.0025477707006369664,fxcm_m30/d1
2026-03-28 15:35:04.438057+00:00,USD/JPY,swing,resistance,W_IB,W_IB_3_UP,short,fresh,164.581,164.581,164.581,160.2935,428.75,428.75,IB,W,0,,,H4,H1,Anchor 2026-W13 | range 1.64050,25,44.02326934264107,3,2,1,0.0023269342641070883,fxcm_m30/d1
2026-03-28 15:35:04.432831+00:00,USD/JPY,swing,support,W_IB,W_IB_1_5_DOWN,long,fresh,155.55825,155.55825,155.55825,160.2935,-473.52,473.52,IB,W,0,,,H4,H1,Anchor 2026-W13 | range 1.64050,26,44.02107370528423,3,2,1,0.002107370528423182,fxcm_m30/d1
2026-03-28 15:35:04.445524+00:00,USD/JPY,swing,support,M_IB,M_IB_LOW,long,fresh,155.5395,155.5395,155.5395,160.2935,-475.4,475.4,IB,M,0,,,H4,H1,Anchor 2026-03 | range 2.43100,14,48.02099076406381,3,2,2,0.0020990764063811966,fxcm_m30/d1
2026-03-28 15:35:04.460003+00:00,USD/JPY,swing,resistance,M_IB,M_IB_3_UP,short,fresh,165.2635,165.2635,165.2635,160.2935,497.0,497.0,IB,M,0,,,H4,H1,Anchor 2026-03 | range 2.43100,15,48.02008032128514,3,2,2,0.002008032128514034,fxcm_m30/d1
2026-03-28 15:35:04.435967+00:00,USD/JPY,swing,support,W_IB,W_IB_2_DOWN,long,fresh,154.738,154.738,154.738,160.2935,-555.55,555.55,IB,W,0,,,H4,H1,Anchor 2026-W13 | range 1.64050,27,44.01796783757075,3,2,1,0.001796783757074856,fxcm_m30/d1
2026-03-28 15:35:04.470946+00:00,USD/JPY,swing,resistance,Y_IB,Y_IB_1_UP,short,fresh,166.8165,166.8165,166.8165,160.2935,652.3,652.3,IB,Y,0,,,H4,H1,Anchor 2026 | range 7.36100,2,52.01530690341344,3,2,3,0.0015306903413439404,fxcm_m30/d1
2026-03-28 15:35:04.451599+00:00,USD/JPY,swing,support,M_IB,M_IB_1_DOWN,long,fresh,153.1085,153.1085,153.1085,160.2935,-718.5,718.5,IB,M,0,,,H4,H1,Anchor 2026-03 | range 2.43100,16,48.01389854065323,3,2,2,0.0013898540653231406,fxcm_m30/d1
2026-03-28 15:35:04.440163+00:00,USD/JPY,swing,support,W_IB,W_IB_3_DOWN,long,fresh,153.0975,153.0975,153.0975,160.2935,-719.6,719.6,IB,W,0,,,H4,H1,Anchor 2026-W13 | range 1.64050,28,44.01387732445185,3,2,1,0.0013877324451845852,fxcm_m30/d1
2026-03-28 15:35:04.449454+00:00,USD/JPY,swing,resistance,M_IB,M_IB_1_UP,short,tested,160.4015,160.4015,160.4015,160.2935,10.8,10.8,IB,M,1,2026-03-27T17:30:00+00:00,,H4,H1,Anchor 2026-03 | range 2.43100,30,28.84745762711841,1,2,2,0.08474576271184106,fxcm_m30/d1
2026-03-28 15:35:04.469899+00:00,USD/JPY,swing,support,Y_IB,Y_IB_MID,long,tested,155.775,155.775,155.775,160.2935,-451.85,451.85,IB,Y,1,2026-03-01T18:00:00+00:00,,H4,H1,Anchor 2026 | range 7.36100,29,32.022082367229764,1,2,3,0.0022082367229766947,fxcm_m30/d1
2026-03-28 15:35:04.421876+00:00,USD/JPY,swing,support,W_IB,W_IB_HIGH,long,crossed,159.6595,159.6595,159.6595,160.2935,-63.4,63.4,IB,W,18,2026-03-26T11:30:00+00:00,2026-03-26T16:30:00+00:00,H4,H1,Anchor 2026-W13 | range 1.64050,35,14.155279503105586,0,2,1,0.015527950310558656,fxcm_m30/d1
2026-03-28 15:35:04.466558+00:00,USD/JPY,swing,support,Y_IB,Y_IB_HIGH,long,crossed,159.4555,159.4555,159.4555,160.2935,-83.8,83.8,IB,Y,76,2026-03-13T04:00:00+00:00,2026-03-13T04:30:00+00:00,H4,H1,Anchor 2026 | range 7.36100,32,22.117924528301888,0,2,3,0.011792452830188765,fxcm_m30/d1
2026-03-28 15:35:04.419785+00:00,USD/JPY,swing,support,W_POC,W_POC,long,crossed,159.2365,158.6845,159.5885,160.2935,-105.7,105.7,POC,W,7,2026-03-23T00:00:00+00:00,2026-03-23T11:00:00+00:00,H4,H1,Profile 2026-W12 | close 159.15000,33,19.09372071227814,0,3,1,0.009372071227814083,fxcm_m30
2026-03-28 15:35:04.425207+00:00,USD/JPY,swing,support,W_IB,W_IB_MID,long,crossed,158.83925,158.83925,158.83925,160.2935,-145.43,145.43,IB,W,14,2026-03-24T12:30:00+00:00,2026-03-24T13:00:00+00:00,H4,H1,Anchor 2026-W13 | range 1.64050,36,14.06829434864265,0,2,1,0.0068294348642649735,fxcm_m30/d1
2026-03-28 15:35:04.443264+00:00,USD/JPY,swing,support,M_IB,M_IB_HIGH,long,crossed,157.9705,157.9705,157.9705,160.2935,-232.3,232.3,IB,M,22,2026-03-06T11:30:00+00:00,2026-03-06T12:30:00+00:00,H4,H1,Anchor 2026-03 | range 2.43100,34,18.042863266180884,0,2,2,0.004286326618088337,fxcm_m30/d1
2026-03-28 15:35:04.441206+00:00,USD/JPY,swing,support,M_POC,M_POC,long,crossed,155.9245,154.1115,157.1805,160.2935,-436.9,436.9,POC,M,2,2026-03-01T18:00:00+00:00,2026-03-01T18:30:00+00:00,H4,H1,Profile 2026-02 | close 156.05900,31,23.0228362639873,0,3,2,0.002283626398730285,fxcm_m30
